@STRING{ijnmf = "Int. {J}. {N}umer. {M}ethods {F}luids"}
@STRING{ijnme = "Int. {J}. {N}umer. {M}ethods {E}ngrg."}
@STRING{ijss  = "Int. {J}. {S}olids and {S}tructures"}
@STRING{jasa  = "J. {A}coust. {S}oc. {A}m."}
@STRING{jcp   = "J. {C}omput. {P}hys."}
@STRING{jap   = "J. {A}pp. {P}hys."}
@STRING{pr    = "Phys. {R}ev."}
@STRING{prb   = "Phys. {R}ev. {B}"}
@STRING{jsv   = "J. {S}ound and {V}ibration"}
@STRING{cs    = "Computers and {S}tructures"}
@STRING{cp    = "Computers in {P}hysics"}
@STRING{jcg   = "Journal of {C}rystal {G}rowth"}
@STRING{cm    = "Computational {M}echanics"}
@STRING{ec    = "Eng. {C}omput."}
@STRING{efm   = "Engineering {F}racture {M}echanics"}
@STRING{eesd  = "Earthquake {E}ng. and {S}tructural {D}yn."}
@STRING{cmame = "Comp. {M}ethods in {A}pplied {M}ech. {E}ngrg."}
@STRING{jam   = "J. {A}pplied {M}echanics"}
@STRING{jssc  = "SIAM {J}. {S}ci. {S}tatist. {C}omput."}
@STRING{jna   = "SIAM {J}. {N}umer. {A}nal."}
@STRING{nm    = "Numer. {M}ath."}
@STRING{moc   = "Math. {C}omp."}
@STRING{ijp   = "International {J}ournal of {P}lasticity"}
@STRING{jmps  = "Journal of {M}echanics and {P}hysics of {S}olids"}
@STRING{aam   = "Advances in {A}pplied {M}echanics"}
@STRING{jem   = "Journal of {E}ngineering {M}echanics"}
@STRING{mec   = "Mat\'{e}riaux et {C}onstructions"}
@STRING{amr   = "Applied {M}echanics {R}eviews"}
@STRING{arma  = "Archives for {R}ational {M}echanics and {A}nalysis"}
@STRING{ccr   = "Cement  and {C}oncrete {R}esearch"}
@STRING{ijms  = "International {J}ournal of {M}echanics and {S}cience"}
@STRING{mm    = "Mechanics of {M}aterials"}
@STRING{jcm   = "Journal of {C}omputational {M}echanics"}
@STRING{ijnmag= "International {J}ournal for {N}umerical and {A}nalytical
                  {M}ethods in {G}eomechanics"}
@STRING{jmpa  = "Journal de {M}athematiques {P}ures et {A}ppliqu\'ees"}
@STRING{mt    = "Metallurgical {T}ransactions"}
@STRING{mta   = "Metallurgical {T}ransactions {A}"}
@STRING{mmta  = "Metallurgical and {M}aterials {T}ransactions {A}"}
@STRING{am    = "Acta {M}etallurgica"}
@STRING{amm   = "Acta {M}etallurgica et {M}aterialia"}
@STRING{scmat = "Scripta {M}aterialia"}
@STRING{am    = "Acta {M}echanica"}
@STRING{ned   = "Nuclear {E}ngineering and {D}esign"}
@STRING{prsla  = "Proceedings of the {R}oyal {S}ociety of {L}ondon. {S}eries {A}"}
@STRING{ptrsla = "Philosophical {T}ransactions of the {R}oyal {S}ociety of {L}ondon. {S}eries {A}"}
@STRING{rm    = "Rock {M}echanics"}
@STRING{jcam  = "Journal of {C}omputational and {A}pplied {M}athematics"}
@STRING{pma   = "Philosophical {M}agazine {A}"}
@STRING{pm    = "Philosophical {M}agazine"}
@STRING{mf    = "Metals {F}orum"}
@STRING{mrs   = "Materials {R}esearch {S}ociety"}
@STRING{apl   = "App. {P}hy. {L}ett."}
@STRING{jdp4  = "J. de {P}hy. {IV}"}
@STRING{jacs  = "J. {A}m. {C}eram. {S}oc."}
@STRING{jmr   = "J. {M}at. {R}es."}
@STRING{jes   = "J. {E}lectrochem. {S}oc."}
@STRING{apa   = "App. Phys. A"}
@STRING{jpsj  = "J. Phys. Soc. Jpn."}
@STRING{acmat = "Acta {M}aterialia"}
@STRING{mmmas = "{M}ath. {M}eth. {M}od. {A}pp. {S}ci."}
@STRING{jchph = "{J.} {C}hem. {P}hys."}
@STRING{jbm   = "{J.} {B}io. {M}ech."}
@STRING{jbme  = "{J.} {B}io. {M}ech. {E}ngrg."}
@STRING{ijes  = "{Int. J. Engr. Sci.}"}
@STRING{cmes   =  "{C}omp. {M}odel. {E}ngrg. {S}ci."}
@STRING{ijbm   =  "{Int. J. Bio. Macromol.}"}
@STRING{fead   =  "{Finite Elements Anal. Des.}"}
@STRING{japhys =  "{J. App. Physiol.}"}
@STRING{je     =  "{J. Elast.}"}

@Article{Yelinetal:2001,
  author = {E. Yelin and A. Herrndorf and L. Trupin and D. Sonneborn},
  title = {{A national study of medical care expenditures for musculoskeletal conditions: The impact of health insurance and managed care}},
  journal = {Arthritis Rheum.},
  volume = {44},
  pages = {1160},
  year = {2001}
}

@Article{Salgadoetal:2004,
  author = {A. J. Salgado and O. P. Coutinho and R. L. Reis},
  title = {{Bone tissue engineering: State of the art and future trends}},
  journal = {Macromol. Biosci.},
  volume = {4},
  pages = {743},
  year = {2004}
}

@article{cao:2006,
	Author = {Cao, L. and Youn, I. and Guilak, F. and Setton, L. A.},
	Journal = {Journal of Biomechanical Engineering-Transactions of the {ASME}},
	Number = {5},
	Pages = {766--771},
	Title = {Compressive properties of mouse articular cartilage determined in a novel micro-indentation test method and biphasic finite element model},
	Volume = {128},
	Year = {2006}}

@article{disilvestro:2001,
	Author = {DiSilvestro, M. R. and Zhu, Q. L. and Wong, M. and Jurvelin, J. S. and Suh, J. K. F.},
	Journal = {Journal of Biomechanical Engineering-Transactions of the {ASME}},
	Month = {Apr},
	Number = {2},
	Pages = {191--197},
	Title = {Biphasic poroviscoelastic simulation of the unconfined compression of articular cartilage: {I - S}imultaneous prediction of reaction force and lateral displacement},
	Volume = {123},
	Year = {2001}}

@article{levenberg:1944,
	Author = {Levenberg, K.},
	Journal = {Quart. Appl. Math},
	Pages = {164--168},
	Title = {A Method for the Solution of Certain Problems in Least Squares},
	Volume = {2},
	Year = {1944}}

@article{olberding:2006b,
	Author = {Olberding, J. E. and Suh, J. K. F.},
	Journal = {Journal of Biomechanics},
	Number = {13},
	Pages = {2468--2475},
	Title = {A dual optimization method for the material parameter identification of a biphasic poroviscoelastic hydrogel: Potential application to hypercompliant soft tissues},
	Volume = {39},
	Year = {2006}}

@article{storn:1997,
	Author = {Storn, R. and Price, K.},
	Journal = {Journal of Global Optimization},
	Month = {Dec},
	Number = {4},
	Pages = {341--359},
	Title = {Differential Evolution - {A} Simple and Efficient Heuristic for Global Optimization over Continuous Spaces},
	Volume = {11},
	Year = {1997}}

@Article{Eyring:36,
  author = {H. Eyring},
  title = {{Viscosity, plasticity, and diffusion as examples as absolute reaction rates}},
  journal = {J. Chem. Phys.},
  volume = {4},
  pages = {283--291},
  year = {1936}
}

@Article{Massoudi:2003,
  author = {M. Massoudi},
  title = {{Constitutive relations for the interaction force in multicomponent particulate flows}},
  journal = {Int. J. Nonlin. Mech.},
  volume = {38},
  pages = {313--336},
  year = {2003}
}

@Article{Wengeretal:2007,
  author = {M. P. E. Wenger and L. Bozec and M. A. Horton and P. Mesquida},
  title = {{Mechanical properties of collagen fibrils}},
  journal = {Biophys. J.},
  volume = {93},
  pages = {1255--1263},
  year = {2007}
}

@Article{Provenzanoetal:2001,
  author = {P. Provenzano and R. Lakes and T. Keenan and R. Vanderby},
  title = {{Nonlinear ligament viscoelasticity}},
  journal = {Annals Biomed. Engr.},
  volume = {29},
  pages = {908--914},
  year = {2001}
}

@Article{Thorntonetal:2001,
  author = {G. M. Thornton and C. B. Frank and N. G. Shrive},
  title = {{Ligament creep behavior can be predicted from stress relaxation by incorporating fiber recruitment}},
  journal = {J. Rheol.},
  volume = {45},
  pages = {493--507},
  year = {2001}
}

@Article{WeissMaakestad:2006,
  author = {J. A. Weiss and B. J. Maakestad},
  title = {{Permeability of human medial collateral ligament in compression transverse to the collagen fiber direction}},
  journal = {J. Biomech.},
  volume = {39},
  pages = {276--283},
  year = {2006}
}

@Article{YinElliott:2004,
  author = {L. Yin and D. M. Elliott},
  title = {{A biphasic and transversely isotropic mechanical model for tendon: Application to mouse tail fasciciles in uniaxial tension}},
  journal = {J. Biomech.},
  volume = {37},
  pages = {907--916},
  year = {2004}
}

@Article{RubinBodner:2002,
  author = {M. B. Rubin and S. R. Bodner},
  title = {{A three-dimensional nonlinear model for dissipative response of soft tissue}},
  journal = {Int. J. Solids. Struct.},
  volume = {39},
  pages = {5081--5099},
  year = {2002}
}

@Article{Weissetal:2002,
  author = {J. A. Weiss and J. C. Gardiner and C. Bonifas-Lista},
  title = {{Ligament material behavior is nonlinear, viscoelastic and rate-independent under shear loading}},
  journal = {J. Biomech.},
  volume = {35},
  pages = {943--950},
  year = {2002}
}

@Article{Puxkandletal:2002,
  author = {R. Puxkandl and O. Paris and W. Tesch and S. Bernstorff and P. Purslow and P. Fratzl},
  title = {{Viscoelastic properties of collagen: Synchrotron radiation investigations and structural model}},
  journal = {Phil. Trans. Royal. Soc. Lond. Ser. B},
  volume = {357},
  pages = {191--197},
  year = {2002}
}

@Article{Redaellietal:2003,
  author = {A. Redaelli and S. Vesentini and M. Soncini and P. Vena and S. Mantero and F. M. Montevecchi},
  title = {{Possible role of decorin glycosaminoglycans in fibril to fibril force transfer in relative mature tendons---a computational study from molecular to microstructural level}},
  journal = {J. Biomech.},
  volume = {36},
  pages = {1555--1569},
  year = {2003}
}


@Article{Chimichetal:1992,
  author = {D. Chimich and N. Shrive and C. Frank and L. Marchuk and R. Bray},
  title = {{Water content alters viscoelastic behaviour of the normal adolescent rabbit medial collateral ligament}},
  journal = {J. Biomech.},
  volume = {25},
  pages = {831--837},
  year = {1992}
}

@Article{Cachoetal:2007,
  author = {F. Cacho and P. J. Elbischger and J. F. Rodrigues and M. Doblare and G. A. Holzapfel},
  title = {{A constitutive model for fibrous tissues considering collagen fiber crimp}},
  journal = {Int. J. Nonlin. Mech.},
  volume = {42},
  pages = {391--402},
  year = {2007}
}

@ARTICLE{Screenetal:2004,
     AUTHOR = "H. R. C. Screen and D. A. Lee and D. L. Bader and J. C. Shelton",
     TITLE  = {{An investigation into the effects of the hierarchical structure of tendon fascicles on micromechanical properties}},
     JOURNAL = {Proc. Instn. Mech. Engr},
     YEAR    = 2004,
     VOLUME  = 218,
     PAGES   = "109" }

@ARTICLE{ProvenzanoVanderby:2006,
     AUTHOR = "P. P. Provenzano and R. Vanderby",
     TITLE  = {{Collagen fibril morphology and organization: Implications for force transmission in ligament and tendon}},
     JOURNAL = {Matrix Biology},
     YEAR    = 2006,
     VOLUME  = 25,
     PAGES   = "71" }

@ARTICLE{Wooetal:1987,
     AUTHOR = "S. L-Y. Woo and T. Q. Lee and M. A. Gomez and S. Sato and F. P. Field",
     TITLE  = {{Temperature-dependent behavior of the canine medial collateral ligament}},
     JOURNAL = jbme,
     YEAR    = 1987,
     VOLUME  = 109,
     PAGES   = "68" }

@Article{Arrudaetal:06,
  author = {E. M. Arruda and K. Mundy and S. C. Calve and K. Baar},
  title = {{Regional variation of tibialis anterior tendon mechanics is lost following denervation}},
  journal = {J. App. Physiol.},
  volume = {43},
  pages = {1113--1117},
  year = {2006}
}

@Article{MaganarisPaul:2000,
  author = {C. N. Maganaris and J. P. Paul},
  title = {{Hysteressi measurements in intact human tendon}},
  journal = jbm,
  volume = {33},
  pages = {1723--1727},
  year = {2000}
}

@Article{Ciarlettaetal:2006,
  author = {P. Ciarletta and S. Micera and D. Accoto and P. Dario},
  title = {{A novel microstructural approach in tendon viscoelastic modelling at the fibrillar level}},
  journal = jbm,
  volume = {39},
  pages = {2034--2042},
  year = {2006}
}

@Article{Disilvestroetal:2001,
  author = {M. R. DiSilvestro and Q. Zhu and M. Wong and J. S. Jurvelin and J-K. F. Suh},
  title = {{Biphasic poroviscoelastic simulation of the unconfined compression of articular cartilage: I- Simultaneous precdiction of reaction force and lateral displacement}},
  journal = jbme,
  volume = {123},
  pages = {191--197},
  year = {2001}
}

@Article{Silveretal:2003,
  author = {F. H. Silver and J. W. Freeman and G. P. Seehra},
  title = {{Collagen self-assembly and the development of tendon mechanical properties}},
  journal = jbm,
  volume = {36},
  pages = {1529--1553},
  year = {2003}
}

@Article{Sasakietal:99,
  author = {N. Sasaki and N. Shukunami and N. Matsushima and Y. Izumi},
  title = {{Time-resolved X-ray diffraction from tendon collagen during creep using synchrotron radiation}},
  journal = jbm,
  volume = {32},
  pages = {285--292},
  year = {1999}
}

@Article{Silveretal:2002,
  author = {F. H. Silver and A. Ebrahimi and P. B. Snowhill},
  title = {{Viscoelastic properties of self-assembled type I collagen fibers: Molecular basis of elastic and viscous behaviors}},
  journal = {Conn. Tissue Res.},
  volume = {43},
  pages = {569--580},
  year = {2002}
}

@Article{Silveretal:2000,
  author = {F. H. Silver and D. Christiansen and P. B. Snowhill and Y. Chen and W. J. Landis},
  title = {{The role of mineral in the storage of elastic energy in turkey tendons}},
  journal = {Biomacromol.},
  volume = {1},
  pages = {180--185},
  year = {2000}
}

@Article{Silveretal:2000a,
  author = {F. H. Silver and D. L. Christiansen and P. B. Snowhill and Y. Chen},
  title = {{Role of storage on changes in the mechanical properties of tendon and self-assembled collagen fibers}},
  journal = {Conn. Tissue Res.},
  volume = {41},
  pages = {155--164},
  year = {2000}
}

@ARTICLE{Diamantetal:72,
AUTHOR = "J. Diamant and A. Keller and E. Baer and M. Litt and R. G. C. Arridge",
TITLE  = {{Collagen; ultrastructure and its relation to mechanical properties as a function of ageing}},
JOURNAL = {prslb},
YEAR    = 1972,
VOLUME  = 180,
PAGES   = "293--315" }

@ARTICLE{ComninouYannas:76,
AUTHOR = "M. Comninou and I. V. Yannas",
TITLE  = {{Dependence of stress-strain nonlinearity of connective tissues on the geometry of collagen fibers}},
JOURNAL = {jbm},
YEAR    = 1976,
VOLUME  = 9,
PAGES   = "427--433" }

@ARTICLE{BeskosJenkins:75,
AUTHOR = "D. E. Beskos and J. T. Jenkins",
TITLE  = {{A mechanical model for mammalian tendon}},
JOURNAL = {jam},
YEAR    = 1975,
VOLUME  = 42,
PAGES   = "755--758" }

@article{Bilbyetal:1956 ,
author = {Bilby, B.A. and Smith, E.},
title = {Continuous distributions of dislocations. III},
journal = {Proceedings of the Royal Society of London, Series A (Mathematical and Physical Sciences)},
volume = {236},
number = {1207},
year = {1956},
pages = {481 - 505},
} 


@ARTICLE{Kastelicetal:80,
AUTHOR = "J. Kastelic and J. Palley and E. Baer",
TITLE  = {{A structural mechanical model for tendon crimping}},
JOURNAL = {jbm},
YEAR    = 1980,
VOLUME  = 13,
PAGES   = "887--893" }

@ARTICLE{BasuLardner:85,
AUTHOR = "A. J. Basu and T. J. Lardner",
TITLE  = {{Deformation of a planar sinusoidal elastic beam}},
JOURNAL = {Journal of Applied Mathematics and Physics},
YEAR    = 1985,
VOLUME  = 36,
PAGES   = "460--474" }

@ARTICLE{Buckleyetal:80,
AUTHOR = "C. P. Buckley and D. W. Lloyd and M. Konopasek",
TITLE  = {{On the deformation of slender filaments with planar crimp: theory, numerical solution and applications to tendon collagen and textile materials}},
JOURNAL = {prsla},
YEAR    = 1980,
VOLUME  = 372,
PAGES   = "33--64" }

@ARTICLE{Stoufferetal:85,
AUTHOR = "D. C. Stouffer and D. L. Butler and D. Hosny",
TITLE  = {{The relationship between crimp pattern and mechanical response of human patellar tendon-bone}},
JOURNAL = {jbme},
YEAR    = 1985,
VOLUME  = 107,
PAGES   = "158--165" }

@ARTICLE{Daleetal:72,
AUTHOR = "W. C. Dale and E. Baer and A. Keller and R. R. Kohn",
TITLE  = {{On the ultrastructure of mammalian tendon}},
JOURNAL = {Experientia},
YEAR    = 1972,
VOLUME  = 28,
PAGES   = "1293--1295" }

@ARTICLE{Hurschleretal:97,
AUTHOR = "C. Hurschler and B. LoitzRamage and R. Vanderby",
TITLE  = {{A structurally-based stress-stretch relationship for tendon and ligament}},
JOURNAL = jbme,
YEAR    = 1997,
VOLUME  = 119,
PAGES   = "392--399" }

@article{freed+doehring05,
  author =       {Freed, A. D. and Doehring, T. C.},
  title =        {Elastic Model for Crimped Collagen Fibrils},
  journal =      "ASME Journal of Biomechanical Engineering",
  volume =       {127},
  year =         {2005},
  pages =        {587--593},
}

@ARTICLE{Lanir:78,
AUTHOR = "Y. Lanir",
TITLE  = {{Structure-strength relations in mammalian tendon}},
JOURNAL = {Biophys. J.},
YEAR    = 1978,
VOLUME  = 24,
PAGES   = "541--554" }

@ARTICLE{Saietal:1999,
AUTHOR = "X. Sai and K. Naruse and M. Sokabe",
TITLE  = {{Activation of pp$60^{\mbox{src}}$ is critical for stretch-induced orienting response in
fibroblasts}},
JOURNAL = {J. Cell Sci.},
YEAR    = 1999,
VOLUME  = 112,
PAGES   = "1365--1373" }

@ARTICLE{Takemasaetal:1997,
AUTHOR = "T. Takemasa and K. Sugimoto and K. Yamashita",
TITLE  = {{Amplitude-dependent stress fiber reorientation
in early response to cyclic strain}},
JOURNAL = {Exper. Cell Res.},
YEAR    = 1997,
VOLUME  = 230,
PAGES   = "407--410" }

@Article{SasakiOdajima:96,
  author = {N. Sasaki and S. Odajima},
  title = {{Stress-strain curve and Young's modulus of a collagen molecule as determined by the x-ray diffraction technique}},
  journal = jbm,
  volume = {29},
  pages = {655--658},
  year = {1996}
}

@Article{SasakiOdajima:96a,
  author = {N. Sasaki and S. Odajima},
  title = {{Elongation mechanism of collagen fibrils and force-strain relations of tendon at each elvel of structural hierarchy}},
  journal = jbm,
  volume = {29},
  pages = {1131--1136},
  year = {1996}
}

@Article{Hofmannetal:83,
  author = {H. Hofmann and T. Voss and K. Kuhn and J. Engel},
  title = {{Localization of flexible sites in thread-like molecules from electron micrographs---Comparison of interstitial, basement membrane and intima collagen}},
  journal = {J. Mol. Biol},
  volume = {172},
  pages = {325--343},
  year = {1983}
}

@Article{Nestleretal:83,
  author = {F. H. M. Nestler and S. Hvidt and J. D. Ferry},
  title = {{Flexibility of collagen determined from dilute solution viscoelastic measurements}},
  journal = {Biopolymers},
  volume = {22},
  pages = {1747--1758},
  year = {1983}
}

@Article{CusackMiller:79,
  author = {S. Cusack and A. Miller},
  title = {{Determination of the elastic constants of collagen by Brilloiun light scattering}},
  journal = {J. Mol. Biol.},
  volume = {135},
  pages = {39--51},
  year = {1979}
}

@Article{Harleyetal:77,
  author = {R. Harley and D. James and A. Miller and J. W. White},
  title = {{Phonons and the elastic moduli of collagen and muscle}},
  journal = {Nature},
  volume = {267},
  pages = {285--287},
  year = {1977}
}

@Article{Nemetscheketal:78,
  author = {Th. Nemetschek and R. Jonak and H. Nemetschek-Gansler and H. Riedl and G. Rosenbaum},
  title = {{Determination of changes in the large periodic structure of collagen}},
  journal = {Z. Naturforsch.},
  volume = {33c},
  pages = {928--936},
  year = {1978}
}

@Article{Mosleretal:85,
  author = {E. Mosler and W. Folkhard and E. Kn\"{o}rzer and H. Nemetschek-Gansler and Th. Nemetschek},
  title = {{Stress-induced molecular rearrangement in tendon collagen}},
  journal = {J. Mol. Biol.},
  volume = {182},
  pages = {589--596},
  year = {1985}
}

@Article{Cassell:2001,
  author = {O. C. Cassell and W. A. Morrison and A. Messina et al.},
  title = {The influence of extracellular matrix on the generation of vascularized, engineered, transplantable tissue},
  journal = {Ann. N Y Acad. Sci.},
  volume = {944},
  pages = {429--442},
  year = {2001}
}

@Article{Mian:2000,
  author = {R. A. Mian and W. A. Morrison and J. V. Hurley et al.},
  title = {Formation of new tissue from an arteriovenous loop in the absence of added extracellular matrix},
  journal = {Tissue Engineering},
  volume = {6},
  pages = {595--603},
  year = {2000}
}

@Article{Mian:2001,
  author = {R. A. Mian and K. R. Knight and A. J. Penington et al.},
  title = {Stimulating effect of an arteriovenous shunt on the in vivo growth of isografted fibroblasts: A preliminary report},
  journal = {Tissue Engineering},
  volume = {7},
  pages = {73--80},
  year = {2001}
}

@Article{Cronin:2004,
  author = {K. J. Cronin and A. Messina and K. R. Knight et al.},
  title = {New murine model of spontaneous autologous tissue engineering, combining an arteriovenous pedicle with matrix materials},
  journal = {Plastic and Reconstructive Surgery},
  volume = {113},
  pages = {260--269},
  year = {2004}
}

@Article{Tanaka:2000,
  author = {Y. Tanaka and A. Tsutsumi and D. M. Crowe and S. Tajima and W. A. Morrison},
  title = {Generation of an autologous tissue (matrix) flap by combining an arteriovenous shunt loop with artificial skin in rats: Preliminary report},
  journal = {Br J Plast Surg.},
  volume = {53},
  pages = {51--57},
  year = {2000}
}

@Article{Birla:2005,
  author = {R. K. Birla and G. H. Borschel and R. G. Dennis and D. L. Brown},
  title = {Myocardial engineering \emph{in vivo}: Formation and characterization of contractile, vascularized 3-dimensional cardiac tissue},
  journal = {Tissue Engineering},
  volume = {11},
  pages = {803--813},
  year = {2005}
}

@Article{Dhawan:2005,
  author = {V. Dhawan and Y-C. Huang and D. Dow and R. K. Birla and D. L. Brown},
  title = {Neurotization of \emph{in vivo} tissue engineered contractile, vascularized, 3-dimensional skeletal muscle constructs},
  journal = {Plastic and Reconstructive Surgery},
  volume = {16},
  pages = {179--180},
  year = {2005}
}

@Unpublished{Borschel:2005,
  author = {G. H. Borschel and D. E. Dow and R. G. Dennis and D. L. Brown},
  title = {Tissue engineered axially-vascularized contractile skeletal muscle},
  journal = {Plastic and Reconstructive Surgery},
  note = {in press, published online},
  year = {2005}
}

@Unpublished{Brown:2005,
  author = {D. L. Brown and P. J. Meagher and K. R. Knight and E. Keramidaris and R. Romeo-Meeuw and A. J. Penington and W. A. Morrison},
  title = {Survival and function of transplanted islet cells on an \emph{in vivo}, vascularized tissue engineering platform in the rat: A pilot study},
  journal = {Cell Transplantation},
  note = {in press},
  year = {2005}
}

@Article{Grassletal:03,
  author = {E. D. Grassl and T. R. Oegema and R. T. Tranquillo},
  title = {A fibrin-based arterial media equivalent},
  journal = {Journal of Biomedical Matererials Research Part A},
  volume = {66A},
  pages = {550--561},
  year = {2003}
}

@Article{BarocasTranquillo:97,
  author = {V. H. Barocas and R. T. Tranquillo},
  title = {An anisotropic biphasic theory of tissue-equivalent
     mechanics: {The} interplay among cell traction, fibrillar network
     deformation, fibril alignment, and cell contact guidance},
  journal = {Journal Biomechanical Engineering},
  volume = {119},
  pages = {137--145},
  year = {1997}}

@Article{Knappetal:99,
  author = {D. M. Knapp and V. H. Barocas and T. T. Tower and R. T. Tranquillo},
  title = {Estimation of cell traction and migration in an isometric cell
     traction assay},
  journal = {American Institute of Chemical Engineering Journal},
  volume = {45},
  pages = {2628--2640},
  year = {1999}
}

@ARTICLE{Toweretal:02,
author = "T. T. Tower and M. R. Neidert and R. T. Tranquillo",
title = {{Fiber alignment imaging during mechanical testing of soft tissues}},
year = 2002,
journal = "Annals of Biomedical Engineering",
volume = {30},
pages = {1221--1233}}

@ARTICLE{Borscheletal:05,
author = "G. H. Borschel and Y. C. Huang and S. Calve and E. M. Arruda and J. B. Lynch and D. E. Dow and W. M. Kuzon and R. G. Dennis and D. L. Brown",
title = {{Tissue engineering of recellularized small-diameter vascular grafts}},
year = 2005,
journal = "Tissue Engineering",
volume = {11},
pages = {778--786}}

@ARTICLE{Woessner:1961,
author = "J. F. Jr Woessner",
title = {{The determination of hydroxyproline in tissue
and protein samples containing small proportions of this imino
acid}},
year = 1961,
journal = "Archives of Biochemistry and Biophysics",
volume = {93},
pages = {440--447}}

@ARTICLE{Misofetal:97,
author = "K. Misof and G. Rapp and P. Fratzl",
title = {{A new molecular model for collagen elasticity based on synchrotron X-ray scattering evidence}},
year = 1997,
journal = "Biophysical Journal",
volume = {72},
pages = {1376--1381}}

@ARTICLE{Hanetal:2000,
author = "S. Han and S. J. Gemmell and K. G. Helmer and P. Grigg and J. W. Wellen and A. H. Hoffman and C. H. Sotak",
title = {{Changes in ADC caused by tensile loading of rabbit achilles
tendon: Evidence for water transport}},
year = 2000,
journal = "Journal of Magnetic Resonance",
volume = {144},
pages = {217--227}}

@ARTICLE{StopakHarris:82,
author = "D. Stopak and A. K. Harris",
title = {{Connective tissue morphogenesis by fibroblast traction}},
year = 1982,
journal = "Developmental Biology",
volume = {90},
pages = {383--398}}

@ARTICLE{Haraldsson:04,
author = "B. T. Haraldsson and P. Aagaard and M. Krogsgaard and T. Alkjaer and M. Kjaer and S. P. Magnusson",
title = {{Region Specific Mechanical Properties of the Human Patella Tendon}},
year = 2004,
journal = "Journal of Applied Physiology",
volume = {},
pages = {}}

@ARTICLE{Wuetal:04,
author = "J. Z. Wu and A. Brumfield and G. R. Miller and R. Metheny and R. G. Cutlip",
title = {{Comparison of Mechanical Properties of Rat Tibialis Anterior Tendon Evaluated using Two Different Approaches}},
year = 2004,
journal = "Biomedical Materials in Engineering",
volume = {14},
pages = {13--22}}

@CONFERENCE{Skalak:81,
AUTHOR = "R. W. Skalak",
TITLE  = {{Growth as a finite displacement field}},
BOOKTITLE = {Proceedings of the IUTAM Symposium on Finite Elasticity},
YEAR    = 1981,
EDITOR  = {D. E. Carlson and R. T. Shields},
PUBLISHER  = {Martinus Nijhoff, The Hague, Boston, London},
PAGES   = {347--355} }

@ARTICLE{Wellsetal:2004,
AUTHOR = "G. N. Wells and K. Garikipati and L. Molari",
TITLE  = {{A discontinuous Galerkin formulation for a strain
gradient-dependent damage model}},
JOURNAL = cmame,
YEAR    = 2004,
VOLUME  = {193},
PAGES   = "3633--3645" }

@ARTICLE{Creightonetal,
AUTHOR = "S.L. Creighton and R.A. Regueiro and K. Garikipati and P.A. Klein and
E.B. Marin and D.J. Bammann",
TITLE  = {{A variational multiscale method to incorporate strain gradients
in a phenomenological plasticity model}},
JOURNAL = cmame,
YEAR    = 2004,
VOLUME  = {193},
PAGES   = "5453--5475" }

@ARTICLE{Molloyetal:03,
AUTHOR = "T. Molloy and Y. Wang and G. A. C. Murrell",
TITLE  = {{The roles of growth factors in tendon and ligament healing.}},
JOURNAL = {Sport Med.},
YEAR    = 2003,
VOLUME  = {33},
PAGES   = "381--394" }

@ARTICLE{Bustamanteetal:2003,
AUTHOR = "C. Bustamante and Z. Bryant and S. B. Smith",
TITLE  = {{Ten years of tension: Single-molecule DNA mechanics}},
JOURNAL = {Nature},
YEAR    = 2003,
VOLUME  = {421},
PAGES   = "423--427" }

@article{RajagopalWineman:1990,
title = {On a constitutive theory for materials undergoing microstructural changes},
journal = {Archives of Mechanics},
author = {Wineman, A.S. and Rajagopal, K.R.},
volume = { 42},
number = { 1},
year = {1990},
pages = {53 - 75},
} 

@ARTICLE{Riefetal:97,
AUTHOR = "M. Rief and F. Oesterhelt and B. Heymann and H. E. Gaub",
TITLE  = {{Single Molecule Force Spectroscopy on
Polysaccharides by Atomic Force Microscopy.}},
JOURNAL = {Science},
YEAR    = 1997,
VOLUME  = {275},
PAGES   = "1295--1297" }

@ARTICLE{SkalakHoger:96,
AUTHOR = "R. W. Skalak and S. Zargaryan and R. K. Jain and P. A. Netti and A. Hoger",
TITLE  = {{Compatibility and the genesis of residual stress by volumetric growth}},
JOURNAL = {J. Math. Bio.},
YEAR    = 1996,
VOLUME  = {34},
PAGES   = "889--914" }

@ARTICLE{EkaniNkodo:03,
AUTHOR = "A. Ekani-Nkodo and D. K. Fygenson",
TITLE  = {{Size exclusion and diffusion of fluoresceinated probes
within collagen fibrils.}},
JOURNAL = {Phys. Rev. E},
YEAR    = 2003,
VOLUME  = {67},
PAGES   = "021909-1--021909-7" }

@ARTICLE{LubardaHoger:02,
AUTHOR = "V. A. Lubarda and A. Hoger",
TITLE  = {{On the mechanics of solids with a growing mass.}},
JOURNAL = ijss,
YEAR    = 2002,
VOLUME  = {29},
PAGES   = "4627--4664" }

@ARTICLE{Taoetal:2001,
AUTHOR = "L. Tao and J. D. Humphrey and K. R. Rajagopal",
TITLE  = {{A mixture theory for heat-induced alterations
in hydration and mechanical properties in soft tissues.}},
JOURNAL = {Int. J. Engr. Sci.},
YEAR    = 2001,
VOLUME  = {39},
PAGES   = "1535--1556" }


@ARTICLE{KoobHernandez:02,
AUTHOR = "T. J. Koob and D. J. Hernandez",
TITLE  = {{Material properties of polymerized NDGA-collagen composite
fibers: Development of biologically based tendon constructs.}},
JOURNAL = {Ann. Thorac. Surg.},
YEAR    = 2002,
VOLUME  = {1},
PAGES   = "203" }

@ARTICLE{Holmesetal:86,
AUTHOR = "D. F. Holmes and M. J. Capaldi and J. A. Chapman",
TITLE  = {{Reconstitution of collagen ¯brils in vitro -
the assembly process depends on the initiating procedure.}},
JOURNAL = {Int. J. Biol. Macromol.},
YEAR    = 1986,
VOLUME  = {3},
PAGES   = "161" }

@ARTICLE{Cacouetal:00,
AUTHOR = "C. Cacou and D. Palmer and D. A. Lee ",
TITLE  = {{A system For monitoring the response of uniaxial
strain on cell seeded collagen gels.}},
JOURNAL = {Med. Engrg. Phys.},
YEAR    = 2000,
VOLUME  = {5},
PAGES   = "327" }

@ARTICLE{Wakatsukietal:00,
AUTHOR = "T. Wakatsuki and M. S. Kolodney",
TITLE  = {{Cell mechanics studied by a reconstituted
model tissue.}},
JOURNAL = {Biophys. J.},
YEAR    = 2000,
VOLUME  = {5},
PAGES   = "2353" }

@ARTICLE{Brownetal:98,
AUTHOR = "R. A. Brown and R. Prajapati",
TITLE  = {{Tensional homeostasis in dermal ¯broblasts:
Mechanical responses to mechanical loading in three-dimensional substrates.}},
JOURNAL = {J. Cell Physiol.},
YEAR    = 1998,
VOLUME  = {},
PAGES   = "323" }

@ARTICLE{Maffullietal:99,
AUTHOR = "N. Maffulli and S. W. Waterston and J. Squair and J. Reaper and A. S. Douglas",
TITLE  = {{Changing incidence of
Achilles tendon rupture in Scotland: A 15-year study.}},
JOURNAL = {Clin. J. Sports Med.},
YEAR    = 1999,
VOLUME  = 9,
PAGES   = "157--160" }

@ARTICLE{Huangetal:93,
AUTHOR = "D. Huang and T. R. Chang",
TITLE  = {{Mechanisms and dynamics of mechanical strengthening
in ligament-equivalent ¯broblast-populated collagen matrices.}},
JOURNAL = {Ann. Biomed. Engrg.},
YEAR    = 1993,
VOLUME  = {3},
PAGES   = "289" }

@ARTICLE{Vianello:96,
AUTHOR = "M. Vianello",
TITLE  = {{Coaxiality of strain and stress in anisotropic linear
elasticity}},
JOURNAL = je,
YEAR    = 1996,
VOLUME  = 42,
PAGES   = "283--289" }

@ARTICLE{Birketal:95,
     AUTHOR = "D. E. Birk and M. V. Nurminskaya and E. I. Zycband",
     TITLE  = {{Collagen
fibrillogenesis in situ: Fibril segments undergo post-depositional
modifications resulting in linear and lateral growth during matrix
development}},
     JOURNAL = {Developmental Dynamics},
     YEAR    = 1995,
     VOLUME  = 202,
     PAGES   = "229--243" }

@ARTICLE{Birketal:97,
     AUTHOR = "D. E. Birk and E. I. Zycband and S. Woodruff and D. A. Winkelman and R. L. Trelstad",
     TITLE  = {{Collagen fibrillogenesis in situ: fibril segments become
long fibrils As The developing tendon matures}},
     JOURNAL = {Developmental Dynamics},
     YEAR    = 1997,
     VOLUME  = 208,
     PAGES   = "291--298" }

@ARTICLE{SimoTaylorPister:85,
     AUTHOR = "J. C. Simo and R. L. Taylor and K. S. Pister",
     TITLE  = {{Variational and projection methods for the volume constraint in finite deformation elasto-plasticity}},
     JOURNAL = cmame,
     YEAR    = 1985,
     VOLUME  = 51,
     PAGES   = "177-208" }

@ARTICLE{ArrudaBoyce:93,
     AUTHOR = "E. M. Arruda and M. C. Boyce",
     TITLE  = {{A three-dimensional constitutive
model for the large stretch behavior of rubber elastic materials}},
     JOURNAL = jmps,
     YEAR    = 1993,
     VOLUME  = 41,
     PAGES   = "389--412" }

@ARTICLE{KratkyPorod:49,
     AUTHOR = "O. Kratky and G. Porod",
     TITLE  = {{R\"{o}ntgenuntersuchungen gel\"{o}ster Fadenmolek\"{u}le}},
     JOURNAL = {Recueil Trav. Chim},
     YEAR    = 1949,
     VOLUME  = 68,
     PAGES   = "1106--1122" }

@ARTICLE{MarkoSiggia:95,
     AUTHOR = "J. F. Marko and E. D. Siggia",
     TITLE  = {{Stretching DNA}},
     JOURNAL = {Macromolecules},
     YEAR    = 1995,
     VOLUME  = 28,
     PAGES   = "8759--8770" }

@ARTICLE{Sunetal:2002,
     AUTHOR = "Y-L. Sun and Z-P. Luo and A. Fertala and K-N. An",
     TITLE  = {{Direct quantification of the flexibility of type I collagen monomer}},
     JOURNAL = {Biochemical and Biophysical Research Communications},
     YEAR    = 2002,
     VOLUME  = 295,
     PAGES   = "382--386" }

@ARTICLE{Grahametal:2004,
     AUTHOR = "J. S. Graham and A. N. Vomund and C. L. Phillips and M. Grandbois",
     TITLE  = {{Structural changes in human type I collagen fibrils investigated by
force spectroscopy}},
     JOURNAL = {Experimental Cell Research},
     YEAR    = 2004,
     VOLUME  = 299,
     PAGES   = "335--342" }

@ARTICLE{Butleretal:99,
     AUTHOR = "D. L. Butler and H.A. Awad",
     TITLE  = {{Perspectives on cell and collagen composites for tendon repair}},
     JOURNAL = {Clinical Orthopaedics and Related Research},
     YEAR    = 1999,
     VOLUME  = 367,
     PAGES   = "S324" }

@ARTICLE{Goldsteinetal:89,
     AUTHOR = "J. D. Goldstein and A. J. Tria and J. P. Zawadsky et al.",
     TITLE  = {{Development of a reconstituted collagen tendon prosthesis - A preliminary implantation study}},
     JOURNAL = {Journal of Bone and Joint Surgery-American},
     YEAR    = 1989,
     VOLUME  = {71A},
     PAGES   = "1183" }

@ARTICLE{Iannaceetal:95,
      AUTHOR = "S. Iannace and G. Sabatini and L. Ambrosio and L. Nicolais",
      TITLE  = {{Mechanical-behavior of composite artificial tendons and
ligaments}},
      JOURNAL = {Biomaterials},
      YEAR    = 1995,
      VOLUME  = 16,
      PAGES   = "675" }

@ARTICLE{Chorinetal:78,
     AUTHOR = "A. J. Chorin and T. J. R. Hughes and M. F. McCracken and J. E. Marsden",
     TITLE  = {{Product formulas and numerical algorithms}},
     JOURNAL = "Communications in Pure and  Applied Mathematics",
     YEAR    = 1978,
     VOLUME  = 31,
     PAGES   = "205--256" }

@ARTICLE{Armero-poroplasticity:99,
     AUTHOR = "F. Armero",
     TITLE  = {{Formulation and finite element implementation of a multiplicative model of coupled poro-plasticity at finite strains under fully-saturated conditions}},
     JOURNAL = cmame,
     YEAR    = 1999,
     VOLUME  = 171,
     PAGES   = "205--241" }

@ARTICLE{Zienkiewiczetal:88,
     AUTHOR = "O. C. Zienkiewicz and D. K. Paul and A. H. Chan",
     TITLE  = {{Unconditionally-stable staggered solution procedure for soil-pore fluid interaction problems}},
     JOURNAL = ijnme,
     YEAR    = 1988,
     VOLUME  = 26,
     PAGES   = "1039--1055" }

@ARTICLE{McBrideetal:88,
     AUTHOR = "D. J. McBride and R. L. Trelstad and F. H. Silver",
     TITLE  = {{Structural and mechanical assessment of developing chick tendon}},
     JOURNAL = ijbm,
     YEAR    = 1988,
     VOLUME  = 10,
     PAGES   = "194" }

@ARTICLE{AmbrosiMollica:2002,
     AUTHOR = "D. Ambrosi and F. Mollica",
     TITLE  = {{On the mechanics of a growing tumor}},
     JOURNAL = ijes,
     YEAR    = 2002,
     VOLUME  = 40,
     PAGES   = "1297--1316" }

@ARTICLE{ButlerAwad:99,
     AUTHOR = "D. L. Butler and H. A. Awad",
     TITLE  = {{Perspectives on cell and collagen
composites for tendon repair}},
     JOURNAL = {Clinical Orthopaedics and Related
Research},
     YEAR    = 1999,
     PAGES   = "S324--S332" }

@ARTICLE{Flory:42,
     AUTHOR = "P. J. Flory",
     TITLE  = {{Thermodynamics of high polymer solutions}},
     JOURNAL = jchph,
     YEAR    = 1942,
     VOLUME  = 10,
     PAGES   = "51--61" }

@ARTICLE{HumphreyRajagopal:2002,
     AUTHOR = "J. D. Humphrey and Rajagopal",
     TITLE  = {{A constrained mixture model for growth and remodeling of soft tissues}},
     JOURNAL = mmmas,
     YEAR    = 2002,
     VOLUME  = 12,
     NUMBER  = 3,
     PAGES   = "407--430" }

@ARTICLE{Wei:2002,
     AUTHOR = "C. Wei and K. K. Murleetharan",
     TITLE  = {{A continuum theory of porous media saturated by multiple
immiscible fluids: I. Linear poroelasticity}},
     JOURNAL = ijes,
     YEAR    = 2002,
     VOLUME  = 40,
     PAGES   = "1807--1833" }

@ARTICLE{Jackson1,
     AUTHOR = "T. L. Jackson",
     TITLE  = {{A mathematical investigation of the multiple pathways to recurrent prostrate cancer: Comparison with experimental data}},
     JOURNAL = {Neoplasia},
     YEAR    = 2004,
     VOLUME  = 6,
     NUMBER  = 6,
     PAGES   = "697--704" }

@ARTICLE{BenAmarGoriely:2005,
     AUTHOR = "M. Ben Amar and A. Goriely",
     TITLE  = {{Growth and elastic instability in ealstic tissues}},
     JOURNAL = jmps,
     YEAR    = 2005,
     VOLUME  = 53,
     PAGES   = "2284--2319" }

@ARTICLE{IdiartCastaneda:2003,
     AUTHOR = "M. Idiart and P. P. Castaneda",
     TITLE  = {{Field fluctuations and macroscopic properties for nonlinear composites}},
     JOURNAL = ijss,
     YEAR    = 2003,
     VOLUME  = 40,
     PAGES   = "7015--7033" }

@ARTICLE{IdiartCastaneda:2005,
     AUTHOR = "M. Idiart and P. P. Castaneda",
     TITLE  = {{Second-order estimates for nonlinear composites with spherical pores and rigid particles}},
     JOURNAL = {Comptes Rendus Mecanique},
     YEAR    = 2005,
     VOLUME  = 333,
     PAGES   = "147--154" }

@ARTICLE{EpsteinMaugin:2000,
     AUTHOR = "M. Epstein and G. A. Maugin",
     TITLE  = {{Thermomechanics of volumetric growth in uniform bodies}},
     JOURNAL = ijp,
     YEAR    = 2000,
     VOLUME  = 16,
     PAGES   = "951--978" }

@ARTICLE{Seliktaretal:00,
      AUTHOR = "D. Seliktar and R. A. Black and R. P. Vito  and R. M. Nerem",
      TITLE  = {{Dynamic mechanical conditioning of collagen-gel blood vessel
constructs induces
remodeling in vitro}},
      JOURNAL = {Ann. Biomed. Engrg.},
      YEAR    = {2000},
      VOLUME  = "4",
      PAGES   = "351" }

@ARTICLE{HarriganHamilton:1993,
     AUTHOR = "T. P. Harrigan and J. J. Hamilton",
     TITLE  = {{Finite element simulation of adaptive bone remodelling: A stability criterion and a time stepping method}},
     JOURNAL = ijnme,
     YEAR    = 1993,
     VOLUME  = "36",
     PAGES   = "837--854" }

@ARTICLE{HarriganHamilton:1992,
     AUTHOR = "T. P. Harrigan and J. J. Hamilton",
     TITLE  = {{Optimality condition for finite element simulation of adaptive bone remodeling}},
     JOURNAL = ijss,
     YEAR    = 1992,
     VOLUME  = "29",
     PAGES   = "2897--2906" }

@ARTICLE{Driessenetal1:03,
     AUTHOR = "N. J. B. Driessen and  G. W. M. Peters and J. M. Huyghe and C. V. C. Bouten and F. P. T. Baaijens",
     TITLE  = {{Remodelling of continuously distributed collagen fibres in soft connective tissues}},
     JOURNAL = jbm,
     YEAR    = 2003,
     VOLUME  = "36",
     PAGES   = "1151--1158" }

@ARTICLE{Sengersetal:04,
     AUTHOR = "B. G. Sengers and C. W. J. Oomens and F. P. T. Baaijens",
     TITLE  = {{An integrated finite element approach to mechanics, transport and biosynthesis in tissue engineering}},
     JOURNAL = jbme,
     YEAR    = 2004,
     VOLUME  = "126",
     PAGES   = "82--91" }

@Article{brightman00,
  author = {A. O. Brightman and B. P. Rajwa and J. E. Sturgis and M. E.
     McCallister and J. P. Robinson and S. L. Voytik-Harbin},
  title = {Time-lapse confocal reflection microscopy of collagen
     fibrillogenesis and extracellular matrix assembly in vitro},
  journal = {Biopolymers},
  volume = {54},
  pages = {222--234},
  year = {2000}}

@ARTICLE{Provenzanoetal:03,
     AUTHOR = "P. P. Provenzano and D. A. Martinez and R. E. Grindeland and K. W. Dwyer and J. Turner and A. C. Vailas and R. Vanderby",
     TITLE  = {{Hindlimb unloading alters ligament healing}},
     JOURNAL = japhys,
     YEAR    = 2003,
     VOLUME  = "94",
     PAGES   = "314--324" }

@ARTICLE{Taber:95,
     AUTHOR = "L. A. Taber",
     TITLE  = {{Biomechanics of growth, remodelling and morphogenesis}},
     JOURNAL = amr,
     YEAR    = 1995,
     VOLUME  = 48,
     PAGES   = "487--545" }

@ARTICLE{TaberHumphrey:2001,
     AUTHOR = "L. A. Taber and J. D. Humphrey",
     TITLE  = {{Stress-modulated growth, residual stress and vascular heterogeneity}},
     JOURNAL = jbme,
     YEAR    = 2001,
     VOLUME  = 123,
     PAGES   = "528--535" }

@ARTICLE{Swartzetal:99,
     AUTHOR = "M. Swartz and A. Kaipainen and P. E. Netti and C. Brekken and Y. Boucher and A. J. Grodzinsky and R. K. Jain",
     TITLE  = {{Mechanics of interstitial-lymphatic fluid transport: Theoretical foundation and experimental validation}},
     JOURNAL = jbm,
     YEAR    = 1999,
     VOLUME  = 32,
     PAGES   = "1297--1307" }

@ARTICLE{CowinHegedus:76,
     AUTHOR = "S. C. Cowin and D. H. Hegedus",
     TITLE  = {{Bone remodeling I: Theory of adaptive elasticity}},
     JOURNAL = je,
     YEAR    = 1976,
     VOLUME  = 6,
     PAGES   = "313--326" }

@ARTICLE{Mariebetal:94,
           AUTHOR = "T. Marieb and J. C. Bravman and P. Flinn and D. S. Gardner and M. Madden",
     TITLE  = {{Observation of voids induced by mechanical stress and electromigration in passivated Al lines deposited at different purity levels}},
     JOURNAL = apl,
     YEAR    = 1994,
     VOLUME  = 64,
     NUMBER  = 18,
     PAGES   = "2424-2426" }

@ARTICLE{TokunagaSugawara:91,
           AUTHOR = "K. Tokunaga and K. Sugawara",
     TITLE  = {{The Influence of Plasma Silicon Nitride Passivation Film Quality on ALuminum Void Formation}},
     JOURNAL = jes,
     YEAR    = 1991,
     VOLUME  = 138,
     NUMBER  = 1,
     PAGES   = "176--180" }

@ARTICLE{Bagratashvilietal:91,
           AUTHOR = "V. N. Bagratashvili and A. F. Banishev and S. A. Gnedoy and V. I. Emelyanov and A. N. Jerikhin and K. S. Merzljakov and V. Ya. Panchenko and V. N. Seminogov",
     TITLE  = {{Formation of Periodic Ring Structures of Relief and Voids Under Laser Vapor Deposition of Metallic Films}},
     JOURNAL = apa,
     YEAR    = 1991,
     VOLUME  = 52,
     PAGES   = "438--444" }

@ARTICLE{SmithSrolovitz:96,
           AUTHOR = "R. W. Smith and D. J. Srolovitz",
     TITLE  = {{Void formation during film growth: A molecular dynamics simulation study}},
     JOURNAL = jap,
     YEAR    = 1996,
     VOLUME  = 79,
     NUMBER  = 3,
     PAGES   = "1448--1457" }

@ARTICLE{Dongetal:98,
           AUTHOR = "L. Dong and J. Schnitker and R. W. Smith and D. J. Srolovitz",
     TITLE  = {{Stress relaxation and misfit dislocation nucleation in the growth of misfitting films: A molecular dyanamics simulation study}},
     JOURNAL = jap,
     YEAR    = 1998,
     VOLUME  = 83,
     NUMBER  = 1,
     PAGES   = "217--227" }

@ARTICLE{Kanekoetal:2000,
           AUTHOR = "Y. Kaneko and Y. Hiwatari and K. Ohara and T. Murakami",
     TITLE  = {{Monte Carlo Simulation of Thin Film Growth with Lattice Defects}},
     JOURNAL = jpsj,
     YEAR    = 2000,
     VOLUME  = 69,
     NUMBER  = 11,
     PAGES   = "3607--3613" }

@ARTICLE{Zhouetal:97a,
           AUTHOR = "X. W. Zhou and R. A. Johnson and H. N. G. Wadley",
     TITLE  = {{A molecular dynamics study of nickel vapor deposition: Temperature, incident angle, and adatom energy effects}},
     JOURNAL = acmat,
     YEAR    = 1997,
     VOLUME  = 45,
     NUMBER  = 4,
     PAGES   = "1513--1524" }

@ARTICLE{Zhouetal:97b,
           AUTHOR = "X. W. Zhou and R. A. Johnson and H. N. G. Wadley",
     TITLE  = {{Vacancy formation during vapor deposition}},
     JOURNAL = acmat,
     YEAR    = 1997,
     VOLUME  = 45,
     NUMBER  = 11,
     PAGES   = "4441--4452" }

@ARTICLE{Nix:81,
           AUTHOR = "W. D. Nix",
     TITLE  = {{T}he {E}ffects of {G}rain {S}hape on {N}abarro-{H}erring and {C}oble {C}reep {P}rocesses},
     JOURNAL = mf,
     YEAR    = 1981,
     VOLUME  = 4,
     PAGES   = "38--43" }

@ARTICLE{SpingarnNix:78,
           AUTHOR = "J. R. Spingarn and W. D. Nix",
     TITLE  = {{D}iffusional {C}reep and {D}iffusionally {A}ccomodated {G}rain {R}earrangement},
     JOURNAL = am,
     YEAR    = 1978,
     VOLUME  = 26,
     PAGES   = "1389--1398" }

@ARTICLE{Wangetal:83,
           AUTHOR = "J. S. Wang and L. Martinez and W. D. Nix",
     TITLE  = {{A} {S}tudy of {I}ntergranular {C}avity {G}rowth {C}ontrolled by the {C}oupling of {D}iffusion and {P}ower {L}aw {C}reep},
     JOURNAL = am,
     YEAR    = 1983,
     VOLUME  = 31,
     PAGES   = "873--881" }

@ARTICLE{HirthNix:85,
           AUTHOR = "J. P. Hirth and W. D. Nix",
     TITLE  = {{A}nalysis of {C}avity {N}ucleation in {S}olids {S}ubjected to {E}xternal and {I}nternal {S}tresses},
     JOURNAL = am,
     YEAR    = 1985,
     VOLUME  = 33,
     PAGES   = "359--368" }

@ARTICLE{Nixetal:71,
           AUTHOR = " W. D. Nix and R. Gasca-Neri and J. P. Hirth",
     TITLE  = {{A} {C}ontribution to the {T}heory of {D}islocation {C}limb},
     JOURNAL = pm,
     YEAR    = 1971,
     VOLUME  = 23,
     PAGES   = "1339--1349" }

@ARTICLE{Spingarnetal:79,
           AUTHOR = "J. R. Spingarn and D. M. Barnett and W. D. Nix",
     TITLE  = {{T}heoretical {D}escriptions of {C}limb {C}ontrolled {S}teady {S}tate {C}reep at {H}igh and {I}ntermediate {T}emperatures},
     JOURNAL = am,
     YEAR    = 1979,
     VOLUME  = 27,
     PAGES   = "1549--1561" }

@ARTICLE{SpingarnNix:79,
           AUTHOR = "J. R. Spingarn and W. D. Nix",
     TITLE  = {{A} {M}odel for {C}reep {B}ased on the {C}limb of {D}islocations at {G}rain {B}oundaries},
     JOURNAL = am,
     YEAR    = 1979,
     VOLUME  = 27,
     PAGES   = "171--177" }

@ARTICLE{Fuentesetal:80,
           AUTHOR = "R. Fuentes-Samaniego and W. D. Nix and G. M. Pound",
     TITLE  = {{V}acancy and {S}ubstitutional {S}olute {D}istribution {A}round an {E}dge {D}islocation in {E}quilibrium and in {S}teaddy-state {G}lide {M}otion},
     JOURNAL = pma,
     YEAR    = 1980,
     VOLUME  = 42,
     PAGES   = "591--600" }

@ARTICLE{Fuentesetal:81,
           AUTHOR = "R. Fuentes-Samaniego and W. D. Nix and G. M. Pound",
     TITLE  = {{S}egregation {D}uring {D}iffusional {C}reep of a {B}inary {S}olid {S}olution},
     JOURNAL = am,
     YEAR    = 1981,
     VOLUME  = 29,
     PAGES   = "487--492" }

@ARTICLE{MartinezNix:81,
           AUTHOR = "L. Martinez and W. D. Nix",
     TITLE  = {{A} {N}umerical {S}tudy of {C}avity {G}rowth {C}ontrolled by {C}oupled {S}urface and {G}rain {B}oundary {D}iffusion},
     JOURNAL = mta,
     YEAR    = 1981,
     VOLUME  = {13A},
     PAGES   = "427--437" }

@ARTICLE{Gleixneretal:97,
     AUTHOR = "R. J. Gleixner and B. M. Clemens and W. D. Nix",
     TITLE  = {Void nucleation in passivated interconnect lines: {E}ffects of site geometries, interfaces, and surface flaws},
     JOURNAL = jmr,
     YEAR    = 1997,
     VOLUME  = 12,
     NUMBER  = {8},
     PAGES   = "2081--2090" }

@ARTICLE{Coble:63,
     AUTHOR = "R. L. Coble",
     TITLE  = {{A} {M}odel for {B}oundary {C}ontrolled {C}reep in {P}olycrystalline {M}aterials},
     JOURNAL = jap,
     YEAR    = 1963,
     VOLUME  = {34},
     PAGES   = "1679--1682" }

@ARTICLE{Kuznetsovetal:94,
     AUTHOR = "V. A. Kuznetsov and I. A. Makalkin and M. A. Taylor and A. S. Perelson",
     TITLE  = {{Nonlinear dynamics of immunogenic tumors: Parameter estimation and global bifurcation analysis}},
     JOURNAL = "Bulletin of Mathematical Biology",
     YEAR    = 1994,
     VOLUME  = {56},
     PAGES   = "295--321" }

@ARTICLE{Donofrio:05,
     AUTHOR = "A. d'Onofrio",
     TITLE  = {{A general framework for modeling tumor-immune system competition and immunotherapy: Mathematical analysis and biomedical inferences}},
     JOURNAL = "Physica D",
     YEAR    = 2005,
     VOLUME  = {208},
     PAGES   = "220--235" }

@ARTICLE{Jackson-Byrne:02,
     AUTHOR = "T. L. Jackson and H. M. Byrne",
     TITLE  = {A mechanical model of tumor encapsulation and transcapsular spread},
     JOURNAL = "Mathematical Biosceinces",
     YEAR    = 2002,
     VOLUME  = {180},
     PAGES   = "307--328" }

@ARTICLE{Byrneetal:06,
     AUTHOR = "H. M. Byrne and T. Alarcon and M. R. Owen and S. D. Webb and P. K. Maini",
     TITLE  = {Modelling aspects of cancer dynamics: a review},
     JOURNAL = ptrsla,
     YEAR    = 2006,
     VOLUME  = {364},
     PAGES   = "1563--1578" }

@UNPUBLISHED{Arrudaetal1:06,
author = "E. M. Arruda and K. Mundy and S. Calve and K. Baar",
title = {{Inactivity decreases toe-region extensibility and increases maximum tangent modulus in TA tendon}},
year = 2005,
note = "Submitted"}

@ARTICLE{Molarietal:06,
     AUTHOR = "L. Molari and G. N. Wells and K. Garikipati and F. Ubertini",
     TITLE  = {{A discontinuous Galerkin method for strain gradient-dependent damage: Study of interpolations, convergence and two dimensional problems}},
     JOURNAL = cmame,
     VOLUME  = 195,
     YEAR    = {2006},
     PAGES   = "1480--1498"}

@ARTICLE{MouradGarikipati:06,
AUTHOR       = "H. Mourad and K. Garikipati",
     TITLE   = {{Advances in the numerical treatment of grain-boundary migration: Coupling with mass transport and mechanics}},
     JOURNAL = cmame,
     VOLUME  = 196,
     YEAR    = {2006},
     PAGES   = {595--607}}

@ARTICLE{Mouradetal:05,
AUTHOR = "H. Mourad and J. Dolbow and K. Garikipati",
     TITLE  = {{An assumed gradient finite element method for the level set equation}},
     JOURNAL = ijnme,
     VOLUME  = 64,
     YEAR    = {2005},
     PAGES   = {1009--1032}}

@ARTICLE{GarikipatietalSi:06,
     AUTHOR = "K. Garikipati and M. Falk and M. Bouville and B. Puchala and H. Narayanan",
     TITLE  = {{The continuum elastic and atomistic viewpoints on the formation volume and strain energy of a point
defect}},
     JOURNAL = jmps,
     VOLUME  = 54,
     YEAR    = {2006},
     PAGES   = "1929--1951"}

@UNPUBLISHED{Garikipati-Goektepe-Miehe:07,
     AUTHOR = "K. Garikipati and S. Goektepe and C. Miehe",
     TITLE  = {Energetic elasticity models for soft biological tissue: Role of the elastica},
     NOTE   = "In preparation; see e-print at http://arxiv.org/abs/q-bio.TO/0701006",
     YEAR    = {2007}}

@UNPUBLISHED{Narayananetal:07,
     AUTHOR = "H. Narayanan and E. M. Arruda and K. Grosh and K. Garikipati",
     TITLE  = {The micromechanics of fluid-solid interactions during growth in
porous soft biological tissue},
     NOTE   = "{S}ubmitted to {B}iomechanics and {M}odeling in {M}echanobiology; {S}ee e-print at http://arxiv.org/abs/q-bio/0701003",
     YEAR    = {2007}}

@UNPUBLISHED{Regueiroetal:06,
     AUTHOR = "R. A. Regueiro and P. A. Dixit and K. Garikipati",
     TITLE  = {On standard and vector finite element analysis of a strict anti-plane shear plasticity model with elastic curvature},
     NOTE   = "Submitted",
     YEAR    = {2006}}

@ARTICLE{Mullins:95,
           AUTHOR = "W. W. Mullins",
     TITLE  = {{M}ass {T}ransport at {I}nterfaces in {S}ingle {C}omponent {S}ystems},
     JOURNAL = mmta,
     YEAR    = 1995,
     VOLUME  = {26A},
     PAGES   = "1917--1929" }

@ARTICLE{Schergeetal:94,
           AUTHOR = "M. Scherge and C. L. Bauer and W. W. Mullins",
     TITLE  = {{S}tress {D}istribution and {M}ass-{T}ransport {A}long {G}rain {B}oundaries {D}uring {S}teady {S}tate {E}lectromigration},
     JOURNAL = mrs,
     YEAR    = 1994,
     VOLUME  = 338,
     PAGES   = "341--352" }

@ARTICLE{Xiaetal:97,
           AUTHOR = "L. Xia and A. F. Bower and Z. Suo and C. F. Shih",
     TITLE  = {{A} {F}inite {E}lement {A}nalysis of the {M}otion and {E}volution of {V}oids {D}ue to {S}train and {E}lectromigration {I}nduced {S}urface {D}iffusion},
     JOURNAL = jmps,
     YEAR    = 1997,
     VOLUME  = 45,
     PAGES   = "1473--1493" }

@ARTICLE{Zhangetal:99,
           AUTHOR = "Y. W. Zhang and A. F. Bower and L. Xia and C. F. Shih",
     TITLE  = {{A} {T}hree {D}imensional {F}inite {E}lement {A}nalysis of the {E}volution of {V}oids and {T}hin {F}ilms {D}ue to {S}train and {E}lectromigration {I}nduced {S}urface {D}iffusion},
     JOURNAL = jmps,
     YEAR    = 1999,
     VOLUME  = 47,
     PAGES   = "173--199" }

@ARTICLE{BowerFreund:95,
           AUTHOR = "A. F. Bower and L. B. Freund",
     TITLE  = {{F}inite {E}lement {A}nalysis of {E}lectromigration and {S}tress {I}nduced {D}iffusion in {D}eformable {S}olids},
     JOURNAL = mrs,
     YEAR    = 1995,
     VOLUME  = 391,
     PAGES   = "177--188" }

@ARTICLE{Korhonenetal:93,
           AUTHOR = "M. A. Korhonen and P. Borgesen and K. N. Tu and C. Y. Li",
     TITLE  = {{S}tress {E}volution {D}ue to {E}lectromigration in {C}onfined {M}etal {L}ines},
     JOURNAL = jap,
     YEAR    = 1993,
     VOLUME  = {73(8)},
     PAGES   = "3790--3799" }

@ARTICLE{Kirchheim:91,
           AUTHOR = "R. Kirchheim",
     TITLE  = {{S}tress and {E}lectromigration in {A}l {L}ines of {I}ntegrated {C}ircuits},
     JOURNAL = amm,
     YEAR    = 1992,
     VOLUME  = {40 no. 2},
     PAGES   = "309--323" }

@ARTICLE{Herring:50,
           AUTHOR = "C. Herring",
     TITLE  = {{D}iffusional {V}iscosity of a {P}olycrystalline {S}olid},
     JOURNAL = jap,
     YEAR    = 1950,
     VOLUME  = 21,
     PAGES   = "437--445" }

@ARTICLE{Aziz:97,
     AUTHOR = "M. J. Aziz",
     TITLE  = {{T}hermodynamics of {D}iffusion {U}nder {P}ressure and {S}tress: {R}elation to {P}oint {D}efect {M}echanisms},
     JOURNAL = apl,
     YEAR    = 1997,
     VOLUME  = {70(21)},
     PAGES   = "2810--2812" }

@ARTICLE{Bardeen:49,
           AUTHOR = "J. Bardeen",
     TITLE  = {{D}iffusion in {B}inary {A}lloys},
     JOURNAL = pr,
     YEAR    = 1949,
     VOLUME  = {76 no. 9},
     PAGES   = "1403--1405" }

@ARTICLE{Geninetal:93,
     AUTHOR = "F. Y. G\'{e}nin and W. W. Mullins and P. Wynblatt",
     TITLE  = {{T}he {E}ffect of {S}tress on {G}rain {B}oundary {G}rooving},
     JOURNAL = amm,
     YEAR    = 1993,
     VOLUME  = {41 no. 12},
     PAGES   = "3541--3547" }

@ARTICLE{Genin1:95,
     AUTHOR = "F. Y. G\'{e}nin",
     TITLE  = {{T}he {I}nitial {S}tages of the {F}ormation of {H}oles and {H}illocks in {T}hin {F}ilms {U}nder {E}qual {B}iaxial {S}tress},
     JOURNAL = amm,
     YEAR    = 1995,
     VOLUME  = {43 no. 12},
     PAGES   = "4289--4300" }

@ARTICLE{Genin2:95,
     AUTHOR = "F. Y. G\'{e}nin",
     TITLE  = {{E}ffect of {S}tress on {G}rain {B}oundary {M}otion in {T}hin {F}ilms},
     JOURNAL = jap,
     YEAR    = 1995,
     VOLUME  = {77(10)},
     PAGES   = "5131--5137" }

@ARTICLE{LarcheCahn:78,
     AUTHOR = "F. Larch\'{e} and J. W. Cahn",
     TITLE  = {{A} {N}onlinear {T}heory of {T}hermochemical {E}quilibrium of {S}olids {U}nder {S}tress},
     JOURNAL = am,
     YEAR    = 1978,
     VOLUME  = {26 no. 1},
     PAGES   = "53--60" }

@ARTICLE{LarcheCahn:73,
     AUTHOR = "F. Larch\'{e} and J. W. Cahn",
     TITLE  = {{A} {L}inear {T}heory of {T}hermochemical {E}quilibrium of {S}olids {U}nder {S}tress},
     JOURNAL = am,
     YEAR    = 1973,
     VOLUME  = 21,
     PAGES   = "1051--1063" }

@ARTICLE{LarcheCahn:82,
     AUTHOR = "F. C. Larch\'{e} and J. W. Cahn",
     TITLE  = {{T}he {E}ffect of {S}elf {S}tress on {D}iffusion in {S}olids},
     JOURNAL = am,
     YEAR    = 1982,
     VOLUME  = 30,
     PAGES   = "1835--1845" }

@ARTICLE{LarcheCahn:85,
     AUTHOR = "F. C. Larch\'{e} and J. W. Cahn",
     TITLE  = {{T}he {I}nteractions of {C}omposition and {S}tress in {C}rystalline {S}olids},
     JOURNAL = am,
     YEAR    = 1985,
     VOLUME  = {33 no. 3},
     PAGES   = "331--357" }

@ARTICLE{Larche:96,
     AUTHOR = "F. C. Larch\'{e}",
     TITLE  = {{W}hat {C}an the {C}oncept of a {P}erfect {C}hemoelastic {S}olid {T}ell {U}s {A}bout the {M}echanical and {T}hermodynamic {B}ehavior of a {S}olid?},
     JOURNAL = jdp4,
     YEAR    = 1996,
     VOLUME  = 6,
     PAGES   = "C1-3--C1-9" }

@ARTICLE{Weitsman:87,
     AUTHOR = "Y. Weitsman",
     TITLE  = {{S}tress {A}ssisted {D}iffusion in {E}lastic and {Viscoelastic} {M}aterials},
     JOURNAL = jmps,
     YEAR    = 1987,
     VOLUME  =35,
     PAGES   = "73--93" }

@ARTICLE{Johnson:94,
     AUTHOR = "W. C. Johnson",
     TITLE  = {{T}hermodynamic {E}quilibria in {T}wo-{P}hase, {E}lastically {S}tressed {I}onic {C}rystals},
     JOURNAL = jacs,
     YEAR    = 1994,
     VOLUME  = {77(6)},
     PAGES   = "1581--91" }

@ARTICLE{Johnson:97,
     AUTHOR = "W. C. Johnson",
     TITLE  = {{E}ffect of {E}lastic {S}tress on {T}wo-{P}hase {B}inary {D}iffusion {C}ouples},
     JOURNAL = mmta,
     YEAR    = 1997,
     VOLUME  = {28A},
     PAGES   = "27--38" }

@PHDTHESIS{Raophd,
     AUTHOR = {V. S. Rao},
     TITLE  = {On Numerical Modeling of Thermal Oxidation in Silicon},
     SCHOOL = {Stanford University},
     YEAR   = {1997},
     MONTH  = {July} }

@PHDTHESIS{Calvethesis:06,
     AUTHOR = {S. Calve},
     TITLE  = {Morphological and mechanical characterization of self-assembling tendon constructs and myotendinous junctions},
     SCHOOL = {University of Michigan},
     YEAR   = {2006},
     MONTH  = {July} }

@ARTICLE{Rao2:00,
     AUTHOR = {V. S. Rao and T. J. R. Hughes and K. Garikipati},
     TITLE  = {On Modelling Thermal Oxidation of Silicon {II}: Numerical Aspects}, 
     JOURNAL = ijnme,
     YEAR    = 2000,
     VOLUME  = {47},
     NUMBER  = {1/3},
     PAGES   = {359--378} }

@ARTICLE{Garikipatiox1:00,
     AUTHOR = {K. Garikipati and V. S. Rao and M. Y.  Hao and E. Ibok and I. DeWolf and R. W. Dutton},
     TITLE  = {Modelling and Validation of Contributions to
  Stress in the Shallow Trench Isolation Process Sequence},
     JOURNAL = {cmes},
     YEAR    = 2000,
     VOLUME  = {1},
     NUMBER  = {1},
     PAGES   = {65--83} }

@ARTICLE{Garikipatiox2:01,
     AUTHOR = {K. Garikipati and V. S. Rao},
     TITLE  = {Recent Advances in Models for Thermal Oxidation of Silicon},
     JOURNAL = {jcp},
     YEAR    = 2001,
     VOLUME  = {174},
     PAGES   = {138--170} }

@ARTICLE{FleckHutchinson:97,
           AUTHOR = "N. A. Fleck and J. W. Hutchinson",
     TITLE  = {{S}train {G}radient {P}lasticity},
     JOURNAL = aam,
     YEAR    = 1997,
     VOLUME  = 33,
     PAGES   = "295--361" }

@ARTICLE{WeiHutchinson:97,
           AUTHOR = "Y. Wei and J. W. Hutchinson",
     TITLE  = {{S}teady {S}tate {C}rack {G}rowth and {W}ork of {F}racture for {S}olids characterized by {S}train {G}radient {P}lasticity},
     JOURNAL = jmps,
     YEAR    = 1997,
     VOLUME  = 45,
     PAGES   = "1253--1273" }

@ARTICLE{ZbibAifantis:92,
           AUTHOR = "H. M. Zbib and E. C. Aifantis",
     TITLE  = {{O}n the {G}radient-dependent {T}heory of {P}lasticity and {S}hear {B}anding},
     JOURNAL = am,
     YEAR    = 1992,
     VOLUME  = 92,
     PAGES   = "209-225" }

@ARTICLE{Flecketal:94,
           AUTHOR = "N. A. Fleck and G. M. Muller and M. F. Ashby and J. W. Hutchinson",
     TITLE  = {{S}train {G}radient {P}lasticity: {T}heory and {E}xperiment},
     JOURNAL = amm,
     YEAR    = 1994,
     VOLUME  = 42,
     PAGES   = "475--487" }

@ARTICLE{XiaHutchinson:97,
           AUTHOR = "Z. C. Xia and J. W. Hutchinson",
     TITLE  = {{C}rack {T}ip {F}ields in {S}train {G}radient {P}lasticity},
     JOURNAL = jmps,
     YEAR    = 1996,
     VOLUME  = 44,
     PAGES   = "1621--1648" }

@ARTICLE{FleckHutchinson:93,
           AUTHOR = "N. A. Fleck and J. W. Hutchinson",
     TITLE  = {{A} {P}henomenological {T}heory for {S}train {G}radient {E}ffects in {P}lasticity},
     JOURNAL = jmps,
     YEAR    = 1993,
     VOLUME  = 12,
     PAGES   = "1825--1857" }

@ARTICLE{ShuFleck:98,
           AUTHOR = "J. Y. Shu and N. A. Fleck",
     TITLE  = {{P}rediction of a {S}ize {E}ffect in {M}icro {I}ndentation},
     JOURNAL = ijss,
     YEAR    = 1998,
     VOLUME  = 35,
     PAGES   = "1363--1383" }

@ARTICLE{Pooleetal:96,
           AUTHOR = "W. J. Poole and M. F. Ashby and N. A. Fleck",
     TITLE  = {{M}icro-hardness of {A}nnealed and {W}ork-hardened {C}opper {P}olycrystals},
     JOURNAL = scmat,
     YEAR    = 1996,
     VOLUME  = 34,
     PAGES   = "559--564" }

@ARTICLE{Gaoetal:99,
           AUTHOR = "H. Gao and Y. Huang and W. D. Nix",
     TITLE  = {{M}echanism-based {S}train {G}radient {P}lasticity--{I}. {T}heory},
     JOURNAL = jmps,
     YEAR    = 1999,
     VOLUME  = 47,
     PAGES   = "789--828" }

@ARTICLE{Huangetal97,
           AUTHOR = "Y. Huang and L. Zhang and T. F. Guo and K. C. Hwang",
     TITLE  = {{M}ixed {M}ode {N}ear-tip {F}ields for {C}racks in {M}aterials with {S}train-gradient {E}ffects},
     JOURNAL = jmps,
     YEAR    = 1999,
     VOLUME  = 45,
     PAGES   = "439--465" }

@ARTICLE{Shenoyetal:99,
           AUTHOR = " V.B. Shenoy and R. Miller and E.B. Tadmor and D. Rodney and R. Phillips and M. Ortiz",
     TITLE  = {{A}daptive {F}inite {E}lement {A}pproach to {A}tomic-scale {M}echanics - {T}he {Q}uasicontinuum {M}ethod},
     JOURNAL = jmps,
     YEAR    = 1999,
     VOLUME  = 47,
     PAGES   = "611--642" }

@ARTICLE{Milleretal:98,
           AUTHOR = "R. Miller and M. Ortiz and R. Phillips and V. Shenoy and E.B. Tadmor",
     TITLE  = {{Q}uasicontinuum {M}odels of {F}racture and {P}lasticity},
     JOURNAL = pma,
     YEAR    = 1996,
     VOLUME  = 73,
     PAGES   = "1529--1563" }

@ARTICLE{Ortiz:96,
           AUTHOR = "M. Ortiz",
     TITLE  = {{C}omputational {M}icromechanics},
     JOURNAL = cm,
     YEAR    = 1996,
     VOLUME  = 18,
     PAGES   = "321--338" }

@ARTICLE{Tadmoretal:96,
           AUTHOR = "E. B. Tadmor and M. Ortiz and R. Phillips",
     TITLE  = {{Q}uasicontinuum {A}nalysis of {D}efects in {S}olids},
     JOURNAL = pma,
     YEAR    = 1996,
     VOLUME  = 18,
     PAGES   = "321--338" }

@ARTICLE{Broughtonetal:97,
           AUTHOR = "J. Q. Broughton and C. A. Meli and P. Vashishta and R. K. Kalia",
     TITLE  = {{D}irect {A}tomistic {S}imulation of {Q}uartz {C}rystal {O}scillators: {B}ulk {P}roperties and {N}anoscale {D}evices},
     JOURNAL = prb,
     YEAR    = 1997,
     VOLUME  = 56,
     PAGES   = "611--618" }

@ARTICLE{Abrahametal:97,
           AUTHOR = "F. F. Abraham and J. Q. Broughton and N. Bernstein and E. Kaxiras",
     TITLE  = {{S}panning the {L}ength {S}cales in {D}ynamic {S}imulation},
     JOURNAL = cp,
     YEAR    = 1998,
     VOLUME  = 12,
     PAGES   = "538--546" }

@ARTICLE{RuudBrought:98,
           AUTHOR = "R. E. Ruud and J. Q. Broughton",
     TITLE  = {{C}oarse-grained {M}olecular {D}ynamics and the {A}tomic {L}imit of {F}inite {E}lements},
     JOURNAL = prb,
     YEAR    = 1998,
     VOLUME  = 58,
     PAGES   = "5893-5896" }

@ARTICLE{Anand:87,
           AUTHOR = "L. Anand and K. H. Kim and T. G. Shawki",
     TITLE  = {Onset of {S}hear {L}ocalization in {V}iscoplastic {S}olids},
     JOURNAL = jmps,
     YEAR    = 1987,
     VOLUME  = 35,
     PAGES   = "407--429" }

@ARTICLE{ArmGar:96,
           AUTHOR = "F. Armero and K. Garikipati",
     TITLE  = {An {A}nalysis of {S}trong {D}iscontinuities in {M}ultiplicative {F}inite {S}train {P}lasticity and their {R}elation with the {N}umerical {S}imulation of {S}train {L}ocalization in {S}olids},
     JOURNAL = ijss,
     YEAR    = 1996,
     VOLUME  = 33,
     PAGES   = "2863--2885" }

@ARTICLE{GovindjeeSimo:93,
     AUTHOR = "S. Govindjee and J. C. Simo",
     TITLE  = {{C}oupled {S}tress-diffusion: {C}ase {I}{I}},
     JOURNAL = jmps,
     YEAR    = 1993,
     VOLUME  = 341,
     PAGES   = "863--887" }


@ARTICLE{ArmSimo:92,
     AUTHOR = "F. Armero and J. C. Simo",
     TITLE  = {{A} {N}ew {U}nconditionally {S}table {F}ractional {S}tep {M}ethod for {N}onlinear {C}oupled {T}hermomechanical {P}roblems},
     JOURNAL = ijnme,
     YEAR    = 1992,
     VOLUME  = 35,
     PAGES   = "737--766" }

@ARTICLE{ArmSimo:93,
     AUTHOR = "F. Armero and J. C. Simo",
     TITLE  = {{A}-priori {S}tability {E}stimates and {U}nconditionally {S}table {P}roduct {F}ormula {A}lgorithms for {N}onlinear {C}oupled {T}hermoplasticity},
     JOURNAL = ijp,
     YEAR    = 1993,
     VOLUME  = 9,
     PAGES   = "749-782" }

@ARTICLE{Asaro:83,
           AUTHOR = "R. J. Asaro",
     TITLE  = {{M}icromechanics of {C}rystals and {P}olycrystals},
     JOURNAL = aam,
     YEAR    = 1983,
     VOLUME  = 23,
     PAGES   = "1--115" }

@ARTICLE{Bazant:76,
           AUTHOR = "Z. P Bazant",
     TITLE  = {{I}nstability, {D}uctility and {S}ize {E}ffect in {S}train {S}oftening {C}oncrete},
     JOURNAL = jem,
     YEAR    = 1976,
     VOLUME  = 102,
     PAGES   = "331--344" }

@ARTICLE{Bazant:83,
           AUTHOR = "Z. P. Bazant and B. H. Oh",
     TITLE  = {{C}rack {B}and {T}heory for {F}racture of {C}oncrete},
     JOURNAL = mec,
     YEAR    = 1983,
     VOLUME  = 39,
     PAGES   = "155--177" }

@ARTICLE{Bazant:86,
           AUTHOR = "Z. P. Bazant",
     TITLE  = {{M}echanics of {D}istributed {C}racking},
     JOURNAL = amr,
     YEAR    = 1986,
     VOLUME  = 39,
     PAGES   = "675--705" }

@ARTICLE{BazBelChg:84,
           AUTHOR = "Z. P. Bazant and T. B. Belytschko and
                  T. P. Chang",
     TITLE  = {{C}ontinuum {T}heory for {S}train {S}oftening},
     JOURNAL = jem,
     YEAR    = 1984,
     VOLUME  = 110,
     PAGES   = "1666--1691" }

@article{BedfordDrumheller:1983 ,
title = {Theories of immiscible and structured mixtures},
journal = {International Journal of Engineering Science},
author = {Bedford, A. and Drumheller, D.S.},
volume = { 21},
number = { 8},
year = {1983},
pages = {863 - 960},
} 

@ARTICLE{BelFishEng:88,
           AUTHOR = "T. B. Belytschko and J. Fish and B. E. Engleman",
     TITLE  = {A {F}inite {E}lement with {E}mbedded {L}ocalization {Z}ones},
     JOURNAL = cmame,
     YEAR    = 1988,
     VOLUME  = 70,
     PAGES   = "59--89" }

@ARTICLE{BrezFraHugRus:97,
           AUTHOR = "F. Brezzi and L. P. Franca and T. J. R. hughes and A. Russo",
     TITLE  = {$\bb = \int\bg$},
     JOURNAL = cmame,
     YEAR    = 1997,
     VOLUME  = 145,
     PAGES   = "329--339" }

@ARTICLE{DeBorstSluys:91,
           AUTHOR = "R. de Borst and L. J. Sluys",
     TITLE  = {Localisation in a {C}osserat {C}ontinuum under {S}tatic and {D}ynamic {L}oading {C}onditions},
     JOURNAL = cmame,
     YEAR    = 1991,
     VOLUME  = 90,
     PAGES   = "805--827" }

@ARTICLE{Cervera:87,
           AUTHOR = "M. Cervera and E. Hinton and O. Hassan",
     TITLE  = {Nonlinear {A}nalysis of {R}einforced {C}oncrete {P}late and {S}hell {S}tructures using 20-{N}oded {I}soparametric {B}rick {E}lements},
     JOURNAL = cs,
     YEAR    = 1987,
     VOLUME  = 25,
     PAGES   = "845--869" }

@ARTICLE{Coleman:85,
           AUTHOR = "B. D. Coleman and M. L. Hodgdon",
     TITLE  = {On {S}hear {B}ands in {D}uctile {M}aterials},
     JOURNAL = arma,
     YEAR    = 1985,
     VOLUME  = 90,
     PAGES   = "219--247" }

@ARTICLE{Crisfield:88,
           AUTHOR = "M. A. Crisfield and J. Wills",
     TITLE  = {Solution {S}trategies and {S}train {S}oftening},
     JOURNAL = cmame,
     YEAR    = 1988,
     VOLUME  = 66,
     PAGES   = "267--289" }

@ARTICLE{Dvorkin:91,
           AUTHOR = "E. N. Dvorkin",
     TITLE  = {2D {F}inite {E}lements with {D}isplacement {I}nterpolated {E}mbedded {L}ocalization {L}ines: {T}he {A}nalysis of {F}racture in {F}rictional {M}aterials},
     JOURNAL = cmame,
     YEAR    = 1991,
     VOLUME  = 90,
     PAGES   = "829--844" }

@ARTICLE{Govindjee:95,
           AUTHOR = "S. Govindjee and G. J. Kay and J. C. Simo",
     TITLE  = {Anisotropic {M}odelling and {N}umerical {S}imulation of {B}rittle {D}amage in {C}oncrete},
     JOURNAL = ijnme,
     YEAR    = 1995,
     VOLUME  = 38,
     PAGES   = "3611--3633" }

@ARTICLE{Hill:62,
           AUTHOR = "R. Hill",
     TITLE  = {Acceleration {W}aves in {S}olids},
     JOURNAL = jmps,
     YEAR    = 1962,
     VOLUME  = 10,
     PAGES   = "1--16" }

@ARTICLE{HillHutch:75,
           AUTHOR = "R. Hill and J. W. Hutchinson",
     TITLE  = {Bifurcation {P}henomena in the {P}lane {T}ension {T}est},
     JOURNAL = jmps,
     YEAR    = 1975,
     VOLUME  = 23,
     PAGES   = "239--264" }

@ARTICLE{Hillerborg:76,
           AUTHOR = "A. Hillerborg and M. Mod\'{e}er and P. E. Petersson",
     TITLE  = {Analysis of {C}rack {F}ormation and {C}rack {G}rowth in {C}oncrete by means of {F}racture {M}echanics and {F}inite {E}lements},
     JOURNAL = ccr,
     YEAR    = 1976,
     VOLUME  = 6,
     PAGES   = "773--782" }

@ARTICLE{Hughes:95,
           AUTHOR = "T. J. R. Hughes",
     TITLE  = {Multiscale {P}henomena; {G}reen's {F}unctions, the {D}irichlet-to-{N}eumann {F}ormulation, {S}ubgrid {S}cale {M}odels, {B}ubbles and the {O}rigins of {S}tabilized {M}ethods},
     JOURNAL = cmame,
     YEAR    = 1995,
     VOLUME  = 127,
     PAGES   = "387--401" }

@ARTICLE{Hughes1:95,
           AUTHOR = "T. J. R. Hughes",
     TITLE  = {A {S}pace-{T}ime {F}ormulation for {M}ultiscale {P}henomena},
     JOURNAL = jcam,
     YEAR    = 1996,
     VOLUME  = 74,
     PAGES   = "217--229" }

@ARTICLE{HugFraHul:89,
           AUTHOR = "T. J. R Hughes and L. P. Franca and G. M. Hulbert",
     TITLE  = {A {N}ew {F}inite {E}lement {F}ormulation for {C}omputational {F}luid {D}ynamics},
     JOURNAL = cmame,
     YEAR    = 1989,
     VOLUME  = 73,
     PAGES   = "173--189" }


@ARTICLE{Johnson:87,
           AUTHOR = "W. Johnson",
     TITLE  = {Henri {T}resca as the {O}riginator of {A}diabatic {H}eat {L}ines},
     JOURNAL = ijms,
     YEAR    = 1987,
     VOLUME  = 29,
     PAGES   = "301--310" }

@ARTICLE{Lu:94,
           AUTHOR = "Y. Y. Lu and T. B. Belytschko",
     TITLE  = {A {S}pectral {O}verlay {M}ethod for {Q}uasistatic {V}iscoplasticity: {A}pplications to {A}nti-plane {C}rack and {C}omparison with {C}losed-form {S}olutions},
     JOURNAL = cs,
     YEAR    = 1994,
     VOLUME  = 51,
     PAGES   = "719--728" }

@ARTICLE{Nacar:89,
           AUTHOR = "A.  Nacar and A. Needleman and M. Ortiz",
     TITLE  = {A {F}inite {E}lement {M}ethod for {A}nalyzing {L}ocalization in {R}ate {I}ndependent {S}olids at {F}inite {S}trains},
     JOURNAL = cmame,
     YEAR    = 1989,
     VOLUME  = 73,
     PAGES   = "235--258" }

@ARTICLE{Needleman:89,
           AUTHOR = "A. Needleman",
     TITLE  = {Dynamic {S}hear {B}and {D}evelopment in {P}lane {S}train},
     JOURNAL = jam,
     YEAR    = 1989,
     VOLUME  = 56,
     PAGES   = "1--9" }

@ARTICLE{Oliver:89,
           AUTHOR = "J. Oliver",
     TITLE  = {A {C}onsistent {C}haracteristic {L}ength for {S}meared {C}racking {M}odels},
     JOURNAL = ijnme,
     YEAR    = 1989,
     VOLUME  = 28,
     PAGES   = "461--474" }

@ARTICLE{Oliver:96,
           AUTHOR = "J. Oliver",
     TITLE  = {Modelling {S}trong {D}iscontinuities in {S}olid {M}echanics via {S}train {S}oftening {C}onstitutive {E}quations. {P}art 1: {F}undamentals},
     JOURNAL = ijnme,
     YEAR    = 1996,
     VOLUME  = 39,
     PAGES   = "3575--3600" }

@ARTICLE{Ottosen:86,
           AUTHOR = "N. Ottosen",
     TITLE  = {Thermodynamic {C}onsequences of {S}train {S}oftening in {T}ension},
     JOURNAL = jem,
     YEAR    = 1986,
     VOLUME  = 112,
     PAGES   = "1152--1164" }

@ARTICLE{Ortiz:87,
           AUTHOR = "M. Ortiz and Y. Leroy and A. Needleman",
     TITLE  = {A {F}inite {E}lement {M}ethod for {L}ocalized {F}ailure {A}nalysis},
     JOURNAL = cmame,
     YEAR    = 1987,
     VOLUME  = 61,
     PAGES   = "189--214" }

@ARTICLE{Peerlings:96,
           AUTHOR = "R. H. J. Peerlings and R. de Borst and A. M. Brekelmans and J. H. P. de Vree",
     TITLE  = {Gradient {E}nhanced {D}amage for {Q}uasi-brittle {M}aterials},
     JOURNAL = ijnme,
     YEAR    = 1996,
     VOLUME  = 39,
     PAGES   = "3391--3403" }

@ARTICLE{Pietruszczak:81,
           AUTHOR = "St. Pietruszczak and Z. Mr\'{o}z",
     TITLE  = {Finite {E}lement {A}nalysis of {D}eformation of {S}train-softening {M}aterials},
     JOURNAL = ijnme,
     YEAR    = 1981,
     VOLUME  = 17,
     PAGES   = "327--334" }

@ARTICLE{Read:84,
           AUTHOR = "H. E. Read and G. A. Hegemier",
     TITLE  = {Strain {S}oftening of {R}ock, {S}oil and {C}oncrete - a {R}eview {A}rticle},
     JOURNAL = mm,
     YEAR    = 1984,
     VOLUME  = 3,
     PAGES   = "271--294" }

@ARTICLE{Shawki:89,
           AUTHOR = "T. G. Shawki and R. J. Clifton",
     TITLE  = {Shear {B}and {F}ormation in {T}hermal {V}iscoplastic {M}aterials},
     JOURNAL = mm,
     YEAR    = 1989,
     VOLUME  = 8,
     PAGES   = "13--43" }

@ARTICLE{JcsSr:90,
           AUTHOR = "J. C. Simo and M. S. Rifai",
     TITLE  = {A {C}lass of {M}ixed {A}ssumed {S}train {M}ethods and the {M}ethod of {I}ncompatible {M}odes},
     JOURNAL = ijnme,
     YEAR    = 1990,
     VOLUME  = 29,
     PAGES   = "1595--1638" }

@ARTICLE{JcsJoFa:93,
           AUTHOR = "J. C. Simo and J. Oliver and F. Armero",
     TITLE  = {An {A}nalysis of {S}trong {D}iscontinuities {I}nduced by {S}oftening {S}olutions in {R}ate-independent {S}olids},
     JOURNAL = jcm,
     YEAR    = 1993,
     VOLUME  = 12,
     PAGES   = "277--296" }

@ARTICLE{Stromberg:96,
           AUTHOR = "L. Stromberg and M. Ristinmaa",
     TITLE  = {Finite {E}lement {F}ormulation of a {N}on-local {P}lasticity {T}heory},
     JOURNAL = cmame,
     YEAR    = 1996,
     VOLUME  = 136,
     PAGES   = "127--144" }

@ARTICLE{deBorst:96,
           AUTHOR = "R. de Borst and J. Pamin",
     TITLE  = {Some {N}ovel {D}evelopments in {F}inite {E}lement {P}rocedures for {S}train {G}radient-dependent {P}lasticity},
     JOURNAL = ijnme,
     YEAR    = 1996,
     VOLUME  = 39,
     PAGES   = "2477--2505" }

@ARTICLE{Sture:78,
           AUTHOR = "S. Sture and H. Y. Ko",
     TITLE  = {Strain {S}oftening of {B}rittle {G}eological {M}aterials},
     JOURNAL = ijnmag,
     YEAR    = 1978,
     VOLUME  = 2,
     PAGES   = "237--253" }

@ARTICLE{Anzellotti:82,
           AUTHOR = "G. Anzellotti and M. Giaquinta",
     TITLE  = {On the {E}xistence of the {F}ields of {S}tresses and {D}isplacements for an {E}lasto-{P}erfectly {P}lastic {B}ody in {S}tatic {E}quilibrium},
     JOURNAL = jmpa,
     YEAR    = 1982,
     VOLUME  = 61,
     PAGES   = "219--244" }

@ARTICLE{Bigoni:93,
           AUTHOR = "D. Bigoni and D. Zaccaria",
     TITLE  = {On {S}train {L}ocalization {A}nalysis of {E}lastoplastic {M}aterials at {F}inite {S}trains},
     JOURNAL = ijp,
     YEAR    = 1993,
     VOLUME  = 9,
     PAGES   = "21--33" }

@ARTICLE{JohnsonC:76,
           AUTHOR = "C. Johnson",
     TITLE  = {Existence {T}heorems for {P}lasticity {P}roblems},
     JOURNAL = jmpa,
     YEAR    = 1976,
     VOLUME  = 55,
     PAGES   = "431--444" }

@ARTICLE{JohnsonC:78,
           AUTHOR = "C. Johnson",
     TITLE  = {On {P}lasticity with {H}ardening},
     JOURNAL = jmpa,
     YEAR    = 1978,
     VOLUME  = 62,
     PAGES   = "325--336" }

@ARTICLE{OttosenRunesson:91,
           AUTHOR = "N. S. Ottosen and K. Runesson",
     TITLE  = {Properties of {D}iscontinuous {B}ifurcation {S}olutions in {E}lasto-plasticity},
     JOURNAL = ijss,
     YEAR    = 1991,
     VOLUME  = 27,
     PAGES   = "401--421" }

@ARTICLE{Rice:80,
           AUTHOR = "J. R.  Rice and J. W. Rudnicki",
     TITLE  = {A {N}ote on some {F}eatures of the {T}heory of {L}ocalization of {D}eformation},
     JOURNAL = ijss,
     YEAR    = 1980,
     VOLUME  = 16,
     PAGES   = "597--605" }

@ARTICLE{Batra:89,
           AUTHOR = "R. C. Batra and D. S. Liu",
     TITLE  = {Adiabatic {S}hear {B}anding in {P}lane {S}train {P}roblems},
     JOURNAL = jmps,
     YEAR    = 1989,
     VOLUME  = 56,
     PAGES   = "527--534" }

@ARTICLE{Cox:74,
           AUTHOR = "B. Cox and J. R. Low",
     TITLE  = {An {I}nvestigation of the {P}lastic {F}racture of {A}{I}{S}{I} 4340 and 18 {N}ickel-200 {G}rade {M}araging {S}teels},
     JOURNAL = mt,
     YEAR    = 1974,
     VOLUME  = 5,
     PAGES   = "1457--1470" }

@ARTICLE{Hill:59,
           AUTHOR = "R. Hill",
     TITLE  = {Some {B}asic {P}rinciples in the {M}echanics of {S}olids without a {N}atural {T}ime},
     JOURNAL = jmps,
     YEAR    = 1959,
     VOLUME  = 7,
     PAGES   = "209--225" }

@ARTICLE{Hill:66,
           AUTHOR = "R. Hill",
     TITLE  = {Generalized {C}onstitutive {R}elations for {I}ncremental {D}eformation of {M}etal {C}rystals by {M}ultislip},
     JOURNAL = jmps,
     YEAR    = 1966,
     VOLUME  = 14,
     PAGES   = "95--102" }

@ARTICLE{Larsson:93,
           AUTHOR = "R. Larsson and K. Runesson and N. S. Ottosen",
     TITLE   = {Discontinuous {D}isplacement {A}pproximation for {C}apturing {P}lastic {L}ocalization},
     JOURNAL = ijnme,
     YEAR    = 1993,
     VOLUME  = 36,
     PAGES   = "2087--2105" }


@ARTICLE{Lemmonds:86,
           AUTHOR = "J. Lemmonds and A. Needleman",
     TITLE   = {Finite {E}lement {A}nalyses of {S}hear {L}ocalization in {R}ate and {T}emperature {D}ependent {S}olids},
     JOURNAL = ijss,
     YEAR    = 1986,
     VOLUME  = 5,
     PAGES   = "339--361" }


@ARTICLE{leroy1:91,
           AUTHOR = "Y. M. Leroy",
     TITLE   = {Linear {S}tability {A}nalysis of {R}ate-{D}ependent {D}iscrete {S}ystems},
     JOURNAL = ijss,
     YEAR    = 1991,
     VOLUME  = 27,
     PAGES   = "783--808" }


@ARTICLE{Leroy2:91,
           AUTHOR = "Y. M. Leroy and O. Chapuis",
     TITLE   = {Localization in {S}train-{R}ate-{D}ependent {S}olids},
     JOURNAL = cmame,
     YEAR    = 1991,
     VOLUME  = 90,
     PAGES   = "969--986" }


@ARTICLE{Mindess:80,
           AUTHOR = "S. Mindess and S. Diamond",
     TITLE   = {A {P}reliminary {S}{E}{M} {S}tudy of {C}rack {P}ropagation in {M}ortar},
     JOURNAL = ccr,
     YEAR    = 1980,
     VOLUME  = 10,
     PAGES   = "509--519" }

@ARTICLE{Ortiz:85,
           AUTHOR = "M.  Ortiz",
     TITLE   = {A {C}onstitutive {T}heory for the {I}nelastic {B}ehavior of {C}oncrete},
     JOURNAL = mm,
     YEAR    = 1985,
     VOLUME  = 4,
     PAGES   = "67--93" }

@ARTICLE{Price:64:,
           AUTHOR = "R. J. Price and A. Kelly",
     TITLE   = {Deformation of {A}ge--{H}ardened {A}luminum {A}lloy {C}rystals in {F}racture},
     JOURNAL = am,
     YEAR    = 1964,
     VOLUME  = 12,
     PAGES   = "979--992" }

@ARTICLE{Ramakrishnan1:94,
           AUTHOR = "N. Ramakrishnan and S. N. Atluri",
     TITLE   = {On {S}hear {B}and {F}ormation: {I}. {C}onstitutive {R}elationship for a {D}ual {Y}ield {M}odel},
     JOURNAL = ijp,
     YEAR    = 1994,
     VOLUME  = 10,
     PAGES   = "499--520" }

@ARTICLE{Ramakrishnan2:94,
           AUTHOR = "N. Ramakrishnan and S. N. Atluri",
     TITLE   = {On {S}hear {B}and {F}ormation: {I}{I}. {S}imulation using {F}inite {E}lement {M}ethod},
     JOURNAL = ijp,
     YEAR    = 1994,
     VOLUME  = 10,
     PAGES   = "521--534" }

@ARTICLE{Rashid:68,
           AUTHOR = "Y. R.  Rashid",
     TITLE   = {Ultimate {S}trength {A}nalysis of {P}restressed {C}oncrete {P}ressure {V}essels},
     JOURNAL = ned,
     YEAR    = 1968,
     VOLUME  = 7,
     PAGES   = "334--344" }

@ARTICLE{Rudnicki:75,
           AUTHOR = "J. W. Rudnicki and J. R. Rice",
     TITLE   = {Conditions for the {L}ocalization of {D}eformation in {P}ressure-{S}ensitive {D}ilatant {M}aterials},
     JOURNAL = jmps,
     YEAR    = 1975,
     VOLUME  = 23,
     PAGES   = "371--394" }

@ARTICLE{Simo1:88,
           AUTHOR = "J. C. Simo",
     TITLE   = {A {F}ramework for {F}inite {S}train {E}lastoplasticity based on {M}aximum {P}lastic {D}issipation and the {M}ultiplicative {D}ecomposition: {P}art {I}. {C}ontinuum {F}ormulation},
     JOURNAL = cmame,
     YEAR    = 1988,
     VOLUME  = 66,
     PAGES   = "199--219" }

@ARTICLE{Simo2:88,
           AUTHOR = "J. C. Simo",
     TITLE   = {A {F}ramework for {F}inite {S}train {E}lastoplasticity based on {M}aximum {P}lastic {D}issipation and the {M}ultiplicative {D}ecomposition: {P}art {I}{I}. {C}omputational {A}spects},
     JOURNAL = cmame,
     YEAR    = 1988,
     VOLUME  = 68,
     PAGES   = "1--31" }

@ARTICLE{Simo:92,
           AUTHOR = "J. C. Simo",
     TITLE   = {Algorithms for {M}ultiplicative {P}lasticity that
           {P}reserve the form of the {R}eturn {M}appings of the {I}nfinitesimal {T}heory},
     JOURNAL = cmame,
     YEAR    = 1992,
     VOLUME  = 99,
     PAGES   = "41--104" }

@ARTICLE{JcsFa:92,
           AUTHOR = "J. C. Simo and F. Armero",
     TITLE   = {Geometrically {N}onlinear {E}nhanced {S}train {M}ixed {M}ethods and the {M}ethod of {I}ncompatible {M}odes},
     JOURNAL = ijnme,
     YEAR    = 1992,
     VOLUME  = 33,
     PAGES   = "61--112" }

@ARTICLE{JcsFaRlt:93,
           AUTHOR = "J. C. Simo and F. Armero and R. L. Taylor",
     TITLE   = {Improved {V}ersions of {A}ssumed {E}nhanced {S}train {T}ri-{L}inear {E}lements for 3D {D}eformation {P}roblems},
     JOURNAL = cmame,
     YEAR    = 1993,
     VOLUME  = 110,
     PAGES   = "359--386" }

@ARTICLE{JcsJwj1:87,
           AUTHOR = "J. C. Simo and J. W. Ju",
     TITLE   = {Strain and {S}tress-based {C}ontinuum {D}amage {M}odels - {I}. {F}ormulation},
     JOURNAL = ijss,
     YEAR    = 1987,
     VOLUME  = 23,
     PAGES   = "821--840" }

@ARTICLE{JcsJwj2:87,
           AUTHOR = "J. C. Simo and J. W. Ju",
     TITLE   = {Strain and {S}tress-based {C}ontinuum {D}amage {M}odels - {I}{I}. {C}omputational {A}spects},
     JOURNAL = ijss,
     YEAR    = 1987,
     VOLUME  = 23,
     PAGES   = "841--869" }

@ARTICLE{Steinmann:91,
           AUTHOR = "P. Steinmann and K. Willam",
     TITLE   = {Performance of {E}nhanced {F}inite {E}lement {F}ormulations in {L}ocalized {F}ailure {C}omputations},
     JOURNAL = cmame,
     YEAR    = 1991,
     VOLUME  = 90,
     PAGES   = "845--867" }

@ARTICLE{Brooks:82,
     AUTHOR = {A.N. Brooks and  T.J.R. Hughes},
     TITLE  = {Streamline Upwind/{P}etrov-{G}alerkin Formulations for Convection Dominated Flows with Particular Emphasis on the Incompressible {N}avier-{S}tokes Equations},
     JOURNAL = cmame,
     YEAR    = 1982,
     VOLUME  = 32,
     PAGES   = {199-259} }

@ARTICLE{Paper8,
     AUTHOR = {T.J.R. Hughes and L. Franca and G.M. Hulbert},
     TITLE  = {A New Finite Element Formulation for Computational Fluid Dynamics: {VIII}. {T}he {G}alerkin/Least-Squares Methods for Advective--Diffusive Equations},
     JOURNAL = cmame,
     YEAR    = 1989,
     VOLUME  = 73,
     PAGES   = {173-189} }

@ARTICLE{Paper6,
     AUTHOR = {T.J.R. Hughes and L. Franca and M. Mallet},
     TITLE  = {A New Finite Element Formulation for Computational Fluid Dynamics: {VII}. {C}onvergence Analysis of the Generalized {SUPG} Formulation for Linear Time-Dependent Multidimensional Advective-Diffusive Systems},
     JOURNAL = cmame,
     YEAR    = 1987,
     VOLUME  = 63,
     NUMBER  = {1},
     PAGES   = {97-112} }

@ARTICLE{Paper3,
     AUTHOR = {T. J. R. Hughes and M. Mallet},
     TITLE  = {A New Finite Element Formulation for Computational Fluid Dynamics: {III}. {T}he Generalized Streamline Operator for Multidimensional Advective-Diffusive Flows},
     JOURNAL = cmame,
     YEAR    = 1986,
     VOLUME  = 58,
     NUMBER  = {3},
     PAGES   = {305-328} }

@ARTICLE{TverNeedleLo:81,
           AUTHOR = "V. Tvergaard and A. Needleman  and K. K. Lo",
     TITLE   = {Flow {L}ocalization in the {P}lane {S}train {T}ension {T}est},
     JOURNAL = jmps,
     YEAR    = 1981,
     VOLUME  = 29,
     PAGES   = "115--142" }

@ARTICLE{growthpaper,
     AUTHOR = "K. Garikipati and E. M. Arruda
      and K. Grosh and H. Narayanan and S. Calve",
     TITLE  = {{A continuum treatment of growth in biological tissue: Mass transport coupled with mechanics}},
     JOURNAL= jmps,
     VOLUME = 52,
     NUMBER = 7,
     YEAR   = 2004,
     PAGES  = "1595--1625"}

@UNPUBLISHED{growthpaper1,
     AUTHOR = "H. Narayanan and E. M. Arruda and K. Grosh and K. Garikipati",
     TITLE  = {{The micromechanics of ofluid-solid interactions during growth in soft biological tissue}},
     Note   = {Submitted, eprint available at http://arxiv.org/abs/q-bio/0701003},
     YEAR    = {2007}}

@UNPUBLISHED{elasticapaper,
     AUTHOR = "K. Garikipati and S. Goektepe and C. Miehe",
     TITLE  = {{Elastica-based strain energy functions for soft biological tissue}},
     Note   = {To appear in J. Mech. Phys. Solids, DOI: 10.1016/j.jmps.2007.07.005, eprint available at http://arxiv.org/abs/q-bio/0701006},
     YEAR    = {2007}}

@ARTICLE{Waversik:71,
           AUTHOR = "W. R. Waversik and W. F. Brace",
     TITLE   = {Post-{F}ailure {B}ehavior of a {G}ranite and a {D}iabase},
     JOURNAL = rm,
     YEAR    = 1971,
     VOLUME  = 3,
     PAGES   = "61" }

@ARTICLE{Reddy:95,
           AUTHOR = "B. D. Reddy and J. C. Simo",
     TITLE  = {Stability and {C}onvergence of a {C}lass of {E}nhanced {S}train {M}ethods},
     JOURNAL = jna,
     YEAR    = 1995,
     VOLUME  = 32,
     PAGES   = "1705-1728"}

@ARTICLE{AkBdr:95,
           AUTHOR = "K. Arunakirinathar and B. D. Reddy",
     TITLE  = {Further {R}esults for {E}nhanced {S}train {M}ethods with
          {I}soparametric {E}lements},
     JOURNAL = cmame,
     YEAR    = 1995,
     VOLUME  = 127,
     PAGES   = "127-143"}

@INPROCEEDINGS{garikipatietalremod:06,
     AUTHOR = "K. Garikipati and H. Narayanan and E. M. Arruda
      and K. Grosh and S. Calve",
     TITLE  = {{Material forces in the context of biotissue remodelling}},
     BOOKTITLE   = {Mechanics of Material Forces},
     EDITOR = "P. Steinmann and G. A. Maugin",
     PUBLISHER = {Springer-Verlag},
     YEAR    = {2005}}

@ARTICLE{remodelpaper:06,
     AUTHOR  = "K. Garikipati and J. E. Olberding and H. Narayanan and E. M. Arruda and K. Grosh and S. Calve", 
     TITLE   = {{Biological remodelling: Stationary energy, configurational change, internal variables and dissipation}},
     JOURNAL = jmps,
     VOLUME  = 54, 
     YEAR    = {2006},
     PAGES   = "1493--1515"}

@ARTICLE{kuhletal_orient:05,
     AUTHOR = "E. Kuhl and K. Garikipati and E. M. Arruda and K. Grosh",
     TITLE  = {{Remodeling of biological tissue: Mechanically induced reorientation
of a transversely isotropic chain network}},
     JOURNAL= jmps,
     VOLUME = {53},
     YEAR   = {2005},
     PAGES  = {1552--1573}}

@ARTICLE{Calveetal:04,
     AUTHOR = "S. Calve and R.G. Dennis and P.E. Kosnik and K. Baar and K. Grosh and E. M. Arruda",
     TITLE  = {{Engineering of functional tendon}},
     JOURNAL= "Tissue Engineering",
     VOLUME = {10},
     NUMBER = {5},
     YEAR   = {2004},
     PAGES  = {755--761}}

@ARTICLE{Larkinetal:06,
     AUTHOR = "L. M. Larkin and S. Calve and TY Kostrominova and E. M. Arruda",
     TITLE  = {{Structure and functional evaluation of tendon-skeletal muscle constructs engineered \emph{in vitro}}},
     JOURNAL= "Tissue Engineering",
     VOLUME = {12},
     NUMBER = {11},
     YEAR   = {2006},
     PAGES  = {3149--3158}}

@UNPUBLISHED{Baaretal:2003,
     AUTHOR = "K. Baar and R. Brila and M. O. Boluyt and G. H. Borschal and E. M. Arruda and R. G. Dennis",
     TITLE  = {{Heart muscle by design: self-organization of rat
cardiac cells into contractile 3D cardiac tissue}},
     JOURNAL   = "{Federation of American Societies for Experimental Biology Journal}",
     Note   = {to appear},
     YEAR    = {2003}}

@ARTICLE{Garikipati1:98,
           AUTHOR = "K. Garikipati and T. J. R. Hughes",
     TITLE  = {A {S}tudy of {S}train {L}ocalization in a {M}ultiple {S}cale {F}ramework --- {T}he {O}ne {D}imensional {P}roblem},
     JOURNAL= cmame,
     YEAR   = 1998,
     VOLUME = 159,
     PAGES  = "193-222"}

@ARTICLE{RajAshby:75,
           AUTHOR = "R. Raj and M. F. Ashby",
     TITLE  = {{Intergranular Fracture at Elevated Temperature}},
     JOURNAL= am,
     YEAR   = 1975,
     VOLUME = 23,
     PAGES  = "653--666"}

@ARTICLE{Gao:94,
           AUTHOR = "H. Gao",
     TITLE  = {{Some General Properties of Stress-driven Surface Evolution in a Heteroepitaxial Thin Film Structure }},
     JOURNAL= jmps,
     YEAR   = 1994,
     VOLUME = 42,
     PAGES  = "741--772"}

@ARTICLE{Gao:95,
           AUTHOR = "H. Gao",
     TITLE  = {{Mass-conserved Morphological Evolution of Hypocycloid Cavities: A Model of Diffusive Crack Initiation with no Associated Energy Barrier }},
     JOURNAL= prsla,
     YEAR   = 1995,
     VOLUME = 448,
     PAGES  = "465--483"}

@ARTICLE{Srolovitz:89,
           AUTHOR = "D. J. Srolovitz",
     TITLE  = {{On the Stability of Surfaces of Stressed Solids}},
     JOURNAL= am,
     YEAR   = 1989,
     VOLUME = 37,
     PAGES  = "621--625"}

@ARTICLE{Bischoffetal:2002,
           AUTHOR = "J. E. Bischoff and E. M. Arruda and K. Grosh",
     TITLE  = {{A microstructurally based orthotropic hyperelastic constitutive law}},
     JOURNAL= jam,
     YEAR   = 2002,
     VOLUME = 69,
     PAGES  = "570--579"}

@ARTICLE{Bischoffetal1:2002,
           AUTHOR = "J. E. Bischoff and E. M. Arruda and K. Grosh",
     TITLE  = {{Orthotropic elasticity in terms of an arbitrary molecular
chain model}},
     JOURNAL= jam,
     YEAR   = 2002,
     VOLUME = 69,
     PAGES  = "198--201"}

@ARTICLE{Bischoffetal3:2002,
           AUTHOR = "J. E. Bischoff and E. M. Arruda and K. Grosh",
     TITLE  = {{Finite element simulations of orthotropic hyperelasticity}},
     JOURNAL= fead,
     YEAR   = 2002,
     VOLUME = 38,
     PAGES  = "983--998"}

@UNPUBLISHED{Bischoffetal2:2002,
           AUTHOR = "J. E. Bischoff and E. M. Arruda and K. Grosh",
     TITLE  = {{A rheological network formulation for orthotropic viscoelasticity in
soft tissue}},
     NOTE   = "Submitted to {\sl Biomechanics and Modeling in Mechanobiology}",
     YEAR   = {2002}}

@ARTICLE{Guyer-Voorhees:98,
     AUTHOR = "J. E. Guyer and P. W. Voorhees",
     TITLE  = {Morphological stability and composiitonal uniformity of alloy thin films},
     JOURNAL = jcg,
     YEAR    = 1998,
     VOLUME  = 187,
     PAGES   = "150--165" }

@ARTICLE{Spenceretal:01,
     AUTHOR = "B. J. Spencer and P. W. Voorhees and J. Tersoff",
     TITLE  = {Morphological instability theory for strained alloy film growth: The effect of compositional stresses and species-dependent surface mobilities on ripple formation during epitaxial film deposition },
     JOURNAL = prb,
     YEAR    = 2001,
     VOLUME  = 64,
     NUMBER  = {23},
     PAGES   = "235318/1-31" }

@ARTICLE{AsaroTiller:72,
           AUTHOR = "R. J. Asaro and W. A. Tiller",
     TITLE  = {{Interface morphology development during stress corrosion cracking: Part I. Via surface diffusion}},
     JOURNAL= mt,
     YEAR   = 1972,
     VOLUME = 3,
     PAGES  = "1789--1796"}

@ARTICLE{Glas:97,
           AUTHOR = "F. Glas",
     TITLE  = {{Thermodynamics of a stressed alloy with ha free surface: Coupling between the morphological and composiitonal instabilities}},
     JOURNAL= prb,
     YEAR   = 1997,
     VOLUME = 55,
     NUMBER = 17,
     PAGES  = "11277--11286"}

@ARTICLE{Garikipatietal:01,
     AUTHOR = "K. Garikipati and L. C. Bassman and M. D. Deal",
     TITLE  = {A Lattice-based Micromechanical Continuum Formulation for Stress-driven Mass Transport in Polycrystalline Solids},
     JOURNAL= jmps,
     YEAR   = 2001,
     VOLUME = 49,
     PAGES  = "1209--1237"}

@ARTICLE{GarikipatiBassman:01,
           AUTHOR = "K. Garikipati and L. Bassman",
     TITLE  = {Atomically-based Field Formulations for Coupled Problems of Composition and Mechanics},
     JOURNAL = "Mat. Res. Soc. Symp.",
     YEAR    = 2001,
     VOLUME  = 653,
     PAGES   = "Z9.6.1--Z9.6.6"}

@ARTICLE{Engeletal:02,
     AUTHOR = "G. Engel and K. Garikipati and T. J. R. Hughes and M. G. Larson and L. Mazzei and R. L. Taylor",
     TITLE  = {{Continuous/Discontinuous Finite Element Approximations of Fourth-order Elliptic Problems in Structural and Continuum Mechanics with Applications to Thin Beams and Plates, and Strain Gradient Elasticity}},
     JOURNAL = cmame,
     YEAR    = 2002,
     VOLUME  = 191,
     NUMBER  = 34,
     PAGES   = "3669--3750" }

@ARTICLE{Garikipati-vms:02,
     AUTHOR = "K. Garikipati",
     TITLE  = {A {V}ariational {M}ultiscale {M}ethod to {E}mbed {M}icromechanical {S}urface {L}aws in the {M}acromechanical {C}ontinuum {F}ormulation},
     JOURNAL = cmes,
     YEAR    = {2002},
     VOLUME  = 3,
     NUMBER  = 2,
     PAGES   = "175--184"}

@ARTICLE{Garikipati-nano:02,
     AUTHOR = "K. Garikipati",
     TITLE  = {Couple stresses in crystalline solids: Origins from plastic slip gradients, dislocation core
distortions, and three-body interatomic
potentials},
     JOURNAL= jmps,
     YEAR   = {2003},
     VOLUME = 51,
     PAGES  = "1189--1214"}

@UNPUBLISHED{voidpaper,
     AUTHOR = "K. Garikipati and H. Mourad",
     TITLE  = {{The influence of compositional stress on vacancy concentration in crystalline solids: A theoretical treatment with application to void
formation}},
     NOTE   = "Submitted to {\sl Journal of the Mechanics and Physics of Solids}",
     YEAR    = {2003}}

@ARTICLE{SunSuo:97,
           AUTHOR = "B. Sun and Z. Suo",
     TITLE  = {{Finite Element Method for Simulating Interface Motion - II. Large Shape Change due to Surface Diffusion }},
     JOURNAL= am,
     YEAR   = 1997,
     VOLUME = 45,
     PAGES  = "4953--4962"}

@ARTICLE{WangSuo:97,
           AUTHOR = "W. Wang and Z. Suo",
     TITLE  = {{Shape Change of a Pore in a Stressed Solid via Surface Diffusion Motivated by Surface and Elastic Energy Variation}},
     JOURNAL= jmps,
     YEAR   = 1997,
     VOLUME = 45,
     PAGES  = "709--729"}

@ARTICLE{ChuangRice:73,
           AUTHOR = "T. J. Chuang and J. R. Rice",
     TITLE  = {{The Shape of Intergranular Creep Cracks growing by Surface Diffusion}},
     JOURNAL= am,
     YEAR   = 1973,
     VOLUME = 21,
     PAGES  = "1625--1228"}

@ARTICLE{Hughesmultiscale:98,
           AUTHOR = "T. J. R. Hughes and G. R. Feijoo and L. Mazzei and J. Quincy",
     TITLE  = {The {V}ariational {M}ultiscale {A}pproach: {A} {P}aradigm for {C}omputational {M}echanics},
     JOURNAL= cmame,
     YEAR   = 1998,
     VOLUME = 166,
     PAGES  = "3--24"}

@UNPUBLISHED{OberaiPinsky:97,
           AUTHOR = "A. Oberai and P.M. Pinsky",
     TITLE  = {A {M}ultiscale {F}inite {E}lement {M}ethod for the {H}elmholtz {E}quation},
     NOTE   = "To appear in Computer Methods in Applied Mechanics and Engineering",
     YEAR    = 1997}

@UNPUBLISHED{KuhlSteinmann:02,
     AUTHOR = "E. Kuhl and P. Steinmann",
     TITLE  = {{Theory and numerics of geometrically-nonlinear open system mechanics}},
     NOTE   = "To appear in Int. J. Num. Meth. Engrg.",
     YEAR    = 2002}

@ARTICLE{NixGao:98,
           AUTHOR = "W. D. Nix and H. Gao",
     TITLE  = {Indentation {S}ize {E}ffects in {C}rystalline {M}aterials: {A} {L}aw for {S}train {G}radient {P}lasticity},
     JOURNAL= jmps,
     YEAR   = 1998,
     VOLUME = 46,
     PAGES  = "411-425"}

@BOOK{Flory:69,
     AUTHOR = "P. J. Flory",
     TITLE  = {{Statistical Mechanics of Chain Molecules}},
     PUBLISHER = "Wiley, Chichester-New York",
     YEAR    = 1969}

@BOOK{Alberts:2002,
     AUTHOR = "B. Alberts and D. Bray and J. Lewis and M. Raff and K. Roberts and J. D. Watson",
     TITLE  = {{Molecular Biology of the Cell}},
     EDITION= {4},
     PUBLISHER = "Garland Publishing Inc., New York",
     YEAR    = 2002, }

@BOOK{Ogdenbook:97,
     AUTHOR = "R. W. Ogden",
     TITLE  = {{Nonlinear Elastic Deformations}},
     PUBLISHER = "Dover Publications, Mineola, N.Y.",
     YEAR    = 1997 }


@BOOK{Fungbook:93,
     AUTHOR = "Y. C. Fung",
     TITLE  = {{Biomechanics: Mechanical Properties of Living Tissues}},
     PUBLISHER = "Springer-Verlag",
     YEAR    = 1993 }

@BOOK{Treloar:1975,
     AUTHOR = "L. R. G. Treloar",
     TITLE  = {{The physics of rubber elasticity}},
     PUBLISHER = "Oxford Clarendon Press",
     YEAR    = 1975 }

@BOOK{GuytonHall:1996,
     AUTHOR = "A.C. Guyton and J.E. Hall",
     TITLE  = {{Textbook of Medical Physiology}},
     PUBLISHER = "W.B. Saunders Company, Philadelphia",
     YEAR    = 1996, }

@BOOK{LandLif,
     AUTHOR = "L. D. Landau and E. M. Lifshitz",
     TITLE  = {{A Course on Theoretical Physics, Volume 5, Statistical Physics, Part I}},
     PUBLISHER = "Butterworth Heinemann (reprint)",
     YEAR    = 1951 }

@BOOK{Gurtin:2000,
     AUTHOR = "M.E. Gurtin",
     TITLE  = {{Configurational forces as basic concepts of continuum physics}},
     PUBLISHER = "Springer, New York",
     YEAR    = 2000}

@BOOK{Gurtin:2003,
     AUTHOR = "M.E. Gurtin",
     TITLE  = {{An Introduction to Continuum Mechanics}},
     PUBLISHER = {Academic Press},
     YEAR    = 2003}

@BOOK{Hadamard:03,
           AUTHOR = "J. Hadamard",
     TITLE  = {Le{\c c}ons sur la {P}ropagation des {O}ndes et les {E}quations de l'{H}ydro-dynamique},
     PUBLISHER = "Paris, Hermann",
     YEAR    = 1903, }

@BOOK{Christian:75,
     AUTHOR = "J. W. Christian",
     TITLE  = {{The Theory of Transformations in Metals and Alloys: Part I}},
     PUBLISHER = "Pergamon, Oxford",
     YEAR    = 1903, }

@BOOK{PorterEasterling:2001,
     AUTHOR = "D. A. Porter and K. E. Easterling",
     TITLE  = {{Phase Transformations in Metals and Alloys}},
     PUBLISHER = "Nelson Thornes, Cheltenham",
     YEAR    = 2001, }

@BOOK{Gibbs:31,
     AUTHOR = "J. W. Gibbs",
     TITLE  = {The {C}ollected {W}orks of {J}. {W}. {G}ibbs: {V}ols {I} and {II}},
     PUBLISHER = "Longmans, Green and Co., New York",
     YEAR    = 1931, }

@BOOK{NabarroVilliers:93,
     AUTHOR = "F. R. N. Nabarro and H. L. de Villiers",
     TITLE  = {{T}he {P}hysics of {C}reep: {C}reep and {C}reep-resistant {A}lloys},
     PUBLISHER = "Taylor and Francis",
     YEAR    = 1993, }

@BOOK{HirthLothe:92,
     AUTHOR = "J. P. Hirth and J. Lothe",
     TITLE  = {{T}heory of {D}islocations},
     PUBLISHER = "Krieger, Malabar, Florida",
     YEAR    = 1992, }

@BOOK{KittelKroemer:80,
     AUTHOR = "C. Kittel and H. Kroemer",
     TITLE  = {{T}hermal {P}hysics},
     PUBLISHER = "W. H. Freeman and Company",
     YEAR    = 1980, }

@BOOK{BrezziFortin:91,
           AUTHOR = "F. Brezzi and M. Fortin",
     TITLE  = {Mixed and {H}ybrid {F}inite {E}lement {M}ethods},
     PUBLISHER = "Springer-Verlag, New York",
     YEAR    = 1991, }

@BOOK{Kachanov:71,
     AUTHOR = "L. M. Kachanov",
     TITLE  = {Foundations of the {T}heory of {P}lasticity},
     PUBLISHER = "North Holland Publishing Co.",
     YEAR    = 1971, }

@BOOK{SimoHughes:98,
           AUTHOR = "J. C. Simo and T. J. R. Hughes",
     TITLE  = {Computational {I}nelasticity},
     PUBLISHER = "Springer Verlag",
     YEAR    = 1998, }

@BOOK{Duvaut:76,
           AUTHOR = "G. Duvaut and J. L. Lions",
     TITLE  = {Inequalities in {M}echanics and {P}hysics},
     PUBLISHER = "Springer Verlag, Berlin",
     YEAR    = 1976, }

@BOOK{Graff:75,
           AUTHOR = "K. F. Graff",
     TITLE  = {Wave {M}otion in {E}lastic {S}olids},
     PUBLISHER = "Dover, New York",
     YEAR    = 1975, }

@BOOK{Kolmogorov:70,
           AUTHOR = "A. N. Kolmogorov and S. V. Fomin",
     TITLE  = {Introductory {R}eal {A}nalysis},
     PUBLISHER = "Dover, New York",
     YEAR    = 1970, }

@BOOK{MarsdenHughes:1994,
           AUTHOR = "J. E. Marsden and T. J. R. Hughes",
     TITLE  = {Mathematical {F}oundations of {E}lasticity},
     PUBLISHER = "Dover, New York",
     YEAR    = 1994, }

@BOOK{Stakgold:68,
           AUTHOR = "I. Stakgold",
     TITLE  = {Boundary {V}alue {P}roblems of {M}athematical {P}hysics},
     PUBLISHER = "Macmillan, New York",
     YEAR    = 1968, }

@BOOK{Hill:50,
           AUTHOR = "R. Hill",
     TITLE  = {The {M}athematical {T}heory of {P}lasticity},
     PUBLISHER = "Oxford University Press",
     YEAR    = 1950, }

@BOOK{Hughes:87,
           AUTHOR = "T. J. R. Hughes",
     TITLE  = {The {F}inite {E}lement {M}ethod},
     PUBLISHER = "Prentice-Hall, Englewood-Cliffs, N. J.",
     YEAR    = 1987, }

@BOOK{Lubliner:90,
           AUTHOR = "J. Lubliner",
     TITLE  = {Plasticity {T}heory},
     PUBLISHER = "Macmillan Publishing Co.",
     YEAR    = 1990, }

@BOOK{Malvern:69,
           AUTHOR = "L. E. Malvern",
     TITLE  = {Introduction to the {M}echanics of a {C}ontinuous {M}edium},
     PUBLISHER = "Prentice Hall",
     YEAR    = 1969 }

@BOOK{Pironneau:89,
           AUTHOR = "O. Pironneau",
     TITLE  = {Finite {E}lement {M}ethods for {F}luids},
     PUBLISHER = "Wiley, Chichester, England",
     YEAR    = 1989, }

@BOOK{Royden:88,
           AUTHOR = "H. L. Royden",
     TITLE  = {Real {A}nalysis},
     PUBLISHER = "Macmillan, New York",
     YEAR    = 1988, }

@BOOK{Simo:95,
           AUTHOR = "J. C. Simo",
     TITLE  = {Numerical {A}nalysis of {C}lassical {P}lasticity},
     PUBLISHER = {North Holland},
     YEAR    = {1995} }

@BOOK{Thomas:61,
           AUTHOR = "T. Y. Thomas",
     TITLE  = {Plastic {F}low and {F}racture in {S}olids},
     PUBLISHER = "Academic Press",
     YEAR    = 1961, }

@BOOK{TruesdellNoll:65,
     AUTHOR = "C. A. Truesdell and W. Noll",
     TITLE  = {The {N}on-linear {F}ield {T}heories ({H}andbuch der {P}hysik,
               band {I}{I}{I})},
     PUBLISHER = "Springer, Berlin",
     YEAR    = 1965, }

@BOOK{TruesdellToupin:60,
AUTHOR = "C. A. Truesdell and R. A. Toupin",
TITLE = {The {C}lassical {F}ield {T}heories  ({H}andbuch der {P}hysik,
                  band {I}{I}{I}/1)},
PUBLISHER = "Springer-Verlag, Berlin",
YEAR = {1960},
}

@BOOK{ZienkTay:89,
           AUTHOR = "O. C. Zienkiewicz and R. L. Taylor",
     TITLE  = {The {F}inite {E}lement {M}ethod: {Vol} {I} and {II}},
     PUBLISHER = "McGraw-Hill, London, New York",
     YEAR    = 1989, }

@BOOK{Burton:77,
           AUTHOR = "B. Burton",
     TITLE  = {{D}iffusional {C}reep of {P}olycrystalline {M}etals},
     PUBLISHER = "Trans Tech Publications, Bay Village, Ohio",
     YEAR    = 1977, }

@PHDTHESIS{GarikipatiPhd:96,
     AUTHOR = "K. Garikipati",
     TITLE  = {On {S}trong {D}iscontinuities in {I}nelastic {S}olids and their {N}umerical {S}imulation},
     SCHOOL = {Stanford University},
     YEAR   = 1996}

@PHDTHESIS{ArmeroPhD:93,
     AUTHOR = "F. Armero",
     TITLE  = {{N}umerical {A}nalysis of {D}issipative {D}ynamical {S}ystems in {S}olid and {F}luid {M}echanics, with a {S}pecial {E}mphasis on {C}oupled {P}roblems},
     SCHOOL = {Stanford University},
     YEAR   = 1993}

@CONFERENCE{SverdlikLanir:2001,
     AUTHOR = "A. Sverdlik and Y. Lanir",
     TITLE  = {{Viscoelasticity and preconditioning in sheep digital tendons}},
     BOOKTITLE = {BED-Vol 50 2001 Bioengineering Conference ASME 2001},
     YEAR    = 2001,
     PUBLISHER  = {ASME},
     PAGES   = {583--584} }

@CONFERENCE{ArmGar:95,
     AUTHOR = "F Armero. and K. Garikipati",
     TITLE  = {Recent {A}dvances in the {A}nalysis and {N}umerical {S}imulation of {S}train {L}ocalization in {I}nelastic {S}olids},
     BOOKTITLE = {Proceedings of Computational Plasticity IV},
     YEAR    = 1995,
     EDITOR  = {D. R. J. Owen and E. O{\~n}ate and E.  Hinton},
     PUBLISHER  = {CIMNE, Barcelona},
     PAGES   = {547--561} }

@CONFERENCE{Nabarro:48,
     AUTHOR = "F. R. N. Nabarro",
     TITLE  = {{D}eformation of {C}rystals by the {M}otion of {S}ingle {I}ons},
     BOOKTITLE = {Strength of Solids},
     YEAR    = 1948,
     PUBLISHER  = {The Physical Society, London},
     PAGES   = {75-90} }

@CONFERENCE{Gurtin:77,
     AUTHOR = "M. E. Gurtin",
     TITLE  = {{O}n the {L}inear {T}heory of {D}iffusion {T}hrough an {E}lastic {S}olid},
     BOOKTITLE = {Proceedings of Conference on Environmental Degradation of Engineering Materials},
     YEAR    = 1977,
     PUBLISHER  = {Laboratory for the Study of Environmental Degradation of Engineering Materials},
     PAGES   = {107--119} }

@CONFERENCE{Nordinetal:2001,
     AUTHOR = "M. Nordin and T. Lorenz and M. Campello",
     TITLE  = {{Biomechanics of tendons and ligaments}},
     BOOKTITLE = {{Basic Biomechanics of the Musculoskeletal System}},
     YEAR    = 2001,
     EDITOR  = {M. Nordin and V. H. Frankel},
     PUBLISHER  = {Lippincott Williams and Wilkins, N.Y.},
     PAGES   = {102--125} }

@CONFERENCE{Leeetal:97,
     AUTHOR = "S. H. Lee and J. C. Bravman and P. A. Flinn and L. Arnaud",
     TITLE  = {{Observation of Electromigration Voiding in Cu Lines}},
     BOOKTITLE = {Materials Reliability in Microelectronics VII Materials Research Society Symposium Proceedings v 473},
     YEAR    = 1997,
     PUBLISHER  = {Materials Research Society, Warrendale, PA USA},
     PAGES   = {235--239} }

@CONFERENCE{Meieretal:99,
     AUTHOR = "N. E. Meier and J. C. Doan and T. N. Marieb and P. A. Flinn and J. C. Bravman",
     TITLE  = {{Electromigration Voiding in Argon-implanted Interconnects }},
     BOOKTITLE = {Materials Research Society Symposium - Proceedings v 563},
     YEAR    = 1999,
     PUBLISHER  = {Materials Research Society, Warrendale, PA, USA},
     PAGES   = {97--102} }

@CONFERENCE{Geiringer:30,
     AUTHOR = "H. Geiringer",
     TITLE  = {Beitrag zum {V}ollst{\"a}ndingen {E}benen {P}lastizit{\"a}tsproblem},
     BOOKTITLE = {Proccedings of the Third International Congress
                  Applied Mechanics --- Stockholm},
     YEAR    = 1930,
     PAGES   = {185--190} }

@CONFERENCE{Hillerborg:85,
     AUTHOR = "A. Hillerborg",
     TITLE  = {Numerical {M}ethods to {S}imulate {S}oftening and {F}racture of {C}oncrete},
     BOOKTITLE = {Fracture Mechanics of Concrete: Structural Application and Numerical Calculation},
     YEAR    = 1985,
     EDITOR  = {G. C. Sih and A. di Tomasso},
     PUBLISHER  = {Martinus Nijhoff, Dordrecht},
     PAGES   = {141--170} }

@CONFERENCE{Mandel:66,
     AUTHOR = "J. Mandel",
     TITLE  = {Conditions de {S}tabilit{\'e} et {P}ostulat de {D}rucker},
     BOOKTITLE = {Rheology and Soil Mechanics, IUTAM Symposium},
     YEAR    = 1964,
     EDITOR  = {J. Kravtchenko and P. M. Sirieys},
     PAGES   = {58--68} }

@CONFERENCE{Matthies:79,
     AUTHOR = "H. Matthies and G. Strang and E. Christiansen",
     TITLE  = {The {S}addle {P}oint of a {D}ifferential {P}rogram},
     BOOKTITLE = {Energy Methods in Finite Element Analysis},
     YEAR    = 1979,
     EDITOR  = {R. Glowinski and E. Y. Rodin and O. C. Zienkiewicz},
     PUBLISHER  = {Wiley, New York},
     PAGES   = {309--318} }

@CONFERENCE{Rice:76,
     AUTHOR = "J. R. Rice",
     TITLE  = {The {L}ocalization of {P}lastic {D}eformation},
     BOOKTITLE = {Theoretical and Applied Mechanics},
     YEAR    = 1976,
     EDITOR  = {W. T. Koiter},
     PUBLISHER  = {North Holland Publishing Co.},
     PAGES   = {207--220} }

@CONFERENCE{Willam:84,
     AUTHOR = "K. Willam",
     TITLE  = {Experimental and {C}omputational {A}spects of {C}oncrete {F}racture},
     BOOKTITLE = {Proc. Int. Conf. Comp. Aided Anal. and Design of Concrete Structures},
     YEAR    = 1984,
     EDITOR  = {R. Owen and E. Hinton and Bi\'{c}ani\'{c}},
     PUBLISHER  = {Pineridge Press, Swansea, U.K.},
     PAGES   = {33--70} }

@CONFERENCE{Willam:87,
     AUTHOR = "K. Willam and N. Sobh and S. Sture",
     TITLE  = {Elastic-plastic {T}angent {O}perators: {L}ocalization {S}tudy on the {C}onstitutive and {F}inite {E}lement {L}evels},
     BOOKTITLE = {Advances in Inelastic Analysis},
     YEAR    = 1987,
     PUBLISHER  = {ASME (PED-v 28), New York},
     PAGES   = {107--126} }

@CONFERENCE{Yu:91,
     AUTHOR = "J. Yu and D. Peric and D. R. J. Owen",
     TITLE  = {An {A}ssessment of the {C}osserat {C}ontinuum through the {F}inite {E}lement {S}imulation of a {S}train {L}ocalisation {P}roblem},
     BOOKTITLE = {Finite Elements in the 90's},
     YEAR    = 1991,
     EDITOR  = {E. O{\~n}ate and J. Periaux and A. Samuelsson},
     PUBLISHER  = {Springer Verlag/CIMNE, Barcelona},
     PAGES   = {321--332} }

@CONFERENCE{JcsJo:94,
     AUTHOR = "J. C. Simo and J. Oliver",
     TITLE  = {A {N}ew {A}pproach to the {A}nalysis and {S}imulation of {S}train {S}oftening in {S}olids},
     BOOKTITLE = {Fracture and Damage in Quasibrittle Structures},
     YEAR    = 1994,
     EDITOR  = {Z. P. Bazant and Z. Bittnar and M. Jir\'asek and J.  Mazars},
     PAGES   = {} }

@CONFERENCE{Dafalias:84,
     AUTHOR = "Y. F. Dafalias",
     TITLE  = {A {M}issing {L}ink in the {F}ormulation and {N}umerical {I}mplementation of {F}inite {T}ransformation {E}lastoplasticity},
     BOOKTITLE = {Constitutive Equations: Macro and Computational Aspects},
     YEAR    = 1984,
     EDITOR  = {K. J. Willam},
     PUBLISHER  = {},
     PAGES   =  {}}

@CONFERENCE{Hvorslev:61,
     AUTHOR = "M. J. Hvorslev",
     TITLE  = {Physical {C}omponents of the {S}hear {S}trength of {S}aturated {C}lays},
     BOOKTITLE = {Research Conference on Shear Strength of Cohesive Soils},
     YEAR    = 1961,
     EDITOR  = {},
     PUBLISHER  = {},
     PAGES   = {169--273} }

@CONFERENCE{Ingraffea:85,
     AUTHOR = "A. R. Ingraffea and V. Saouma",
     TITLE  = {Numerical {M}odeling of {D}iscrete {C}rack {P}ropagation in {R}einforced and {P}lain {C}oncrete},
     BOOKTITLE = {Fracture Mechanics of Concrete},
     YEAR    = 1985,
     EDITOR  = {G. C. Sih and A. DiTommaso},
     PUBLISHER  = {Martinus Nijhoff, Dordrecht},
     PAGES   = {171--225} }

@CONFERENCE{Larsson:95,
     AUTHOR = "R. Larsson and K. Runesson and M. Akesson",
     TITLE  = {Embedded {L}ocalization {B}and based on {R}egularized {S}trong {D}iscontinuity},
     BOOKTITLE = {Proceedings of Computational Plasticity IV},
     YEAR    = 1995,
     EDITOR  = {D. R. J. Owen and E. O\~nate and E. Hinton},
     PUBLISHER  = {CIMNE, Barcelona},
     PAGES   = {599--609} }

@CONFERENCE{NeedlemanTver:84,
     AUTHOR = "A. Needleman and V. Tvergaard",
     TITLE  = {Finite {E}lement {A}nalysis of {L}ocalization in {P}lasticity},
     BOOKTITLE = {Finite Elements - Special Problems in Solid Mechanics - Vol. V},
     YEAR    = 1984,
     EDITOR  = {J. T. Oden and G. F. Carey},
     PUBLISHER  = {Prentice Hall Inc.},
     PAGES   = {94--157} }


@CONFERENCE{Onate:87,
     AUTHOR = "E. O\~nate and S. Oller and J. Oliver and J. Lubliner",
     TITLE  = {A {C}onstitutive {M}odel for {C}racking of {C}oncrete based on the {I}ncremental {T}heory of {P}lasticity},
     BOOKTITLE = {Proceedings of the International Conference on Computational Plasticity, Models, Software and Applications},
     YEAR    = 1987,
     EDITOR  = {D. R. J. Owen and E. Hinton and E. O\~nate},
     PUBLISHER  = {Pineridge Press, Swansea},
     PAGES   = {1311--1330} }

@CONFERENCE{Simo:98,
     AUTHOR = "J. C. Simo",
     TITLE  = {Numerical {A}nalysis of {S}imulation of {P}lasticity},
     BOOKTITLE = {Handbook of Numerical Analysis, Vol. VI},
     YEAR    = {1998},
     EDITOR  = {P. G. Ciarlet and J. L. Lions},
     PUBLISHER  = {Elsevier},
     PAGES   =  {183--499}}

@CONFERENCE{Taylor:38,
     AUTHOR = "G. I. Taylor",
     TITLE  = {Analysis of {P}lastic {S}train in a {C}ubic {C}rystal},
     BOOKTITLE = {Stephen Timoshenko. 60th Anniversary Volume},
     YEAR    = 1938,
     EDITOR  = {J. M. Lessels},
     PUBLISHER  = {Macmillan, New York},
     PAGES   =  {}}

@MANUAL{FEAPmanual,
         AUTHOR= "R. L. Taylor",
         TITLE = {{F}{E}{A}{P} - {A} {F}inite {E}lement {A}nalysis {P}rogram},
         ORGANIZATION = {University of California at Berkeley},
         ADDRESS = {Berkeley, CA},
         MONTH = {September},
         YEAR  = {1999}
        }

% My (Harish's) additions go below

@BOOK{Alberts:02,
AUTHOR = "B. Alberts and A. Johnson and J. Lewis and M. Raff and K. Roberts and P. Walter",
TITLE = {Molecular {B}iology of the {C}ell},
PUBLISHER = "Garland Science, Oxford",
YEAR = 2002,}

@ARTICLE{Calve:04,
     AUTHOR = "S. Calve and R.G. Dennis and P.E. Kosnik and K. Baar and K. Grosh and E.M. Arruda",
     TITLE  = {{Engineering of functional tendon}},
     JOURNAL = "Tissue Engineering",
     VOLUME  = 10,
     PAGES   = "755--761",
     YEAR    = {2004}}

@ARTICLE{HarriganHamilton:93,
           AUTHOR = "T. P. Harrigan and J. J. Hamilton",
     TITLE  = {Finite element simulation of adaptive bone remodelling: A stability criterion and a time stepping method},
     JOURNAL= ijnme,
     YEAR   = 1993,
     VOLUME = 36,
     PAGES  = "837--854"}

@BOOK{sbromadill,
     AUTHOR = "S. Bromberg and K. A. Dill",
     TITLE  = {{Molecular Driving Forces: Statistical Thermodynamics in Chemistry and Biology}},
     PUBLISHER = "Garland",
     YEAR    = 2002 }

@ARTICLE{Sengersetal:2004,
     AUTHOR = {B. G. Sengers and C. W. J. Oomens and F. P. T. Baaijens},
     TITLE  = {An integrated finite-element approach to mechanics, transport and biosynthesis in tissue engineering},
     JOURNAL = jbme,
     YEAR    = 2004,
     VOLUME  = 126,
     NUMBER  = {},
     PAGES   = {82--91} }

@ARTICLE{Provenzanoetal:2003,
     AUTHOR = "P. P. Provenzano and D. A. Martinez and R. E. Grindeland and K. W. Dwyver and J. Turner and A. C. Vailas and R. Vanderby",
     TITLE  = {{Hindlimb unloading alters ligament healing}},
     JOURNAL = "Journal of Applied Physiology",
     YEAR    = 2003,
     VOLUME  = 94,
     PAGES   = "314--324" }




@ARTICLE{tezduyarsupg,
           AUTHOR = "T. Tezduyar and S. Sathe",
     TITLE  = {Stabilization Parameters in {SUPG} and {PSPG} Formulations}, 
     JOURNAL= "Journal of {C}omputational and {A}pplied {M}echanics", 
     YEAR   = 2003,
     VOLUME = 4,
     PAGES  = "71-88"}

@BOOK{cavitationchris,
     AUTHOR = "C. E. Brennen",
     TITLE  = {{Cavitation and Bubble Dynamics}},
     PUBLISHER = "Oxford University Press",
     YEAR    = 1995}


@Article{kuhlremod05 ,
language = {English},
copyright = {Copyright 2005, IEE},
title = {Remodeling of biological tissue: Mechanically induced reorientation of a transversely isotropic chain network},
journal = {Journal of the Mechanics and Physics of Solids},
author = {Kuhl, E. and Garikipati, K. and Arruda, E.M. and Grosh, K.},
volume = { 53},
number = { 7},
year = {2005},
pages = {1552 - 73},
issn = {0022-5096},
abstract = {A new class of micromechanically motivated chain network models for soft biological tissues is presented. On the microlevel, it is based on the statistics of long chain molecules. A wormlike chain model is applied to capture the behavior of the collagen microfibrils. On the macrolevel, the network of collagen chains is represented by a transversely isotropic eight chain unit cell introducing one characteristic material axis. Biomechanically induced remodeling is captured by allowing for a continuous reorientation of the predominant unit cell axis driven by a biomechanical stimulus. To this end, we adopt the gradual alignment of the unit cell axis with the direction of maximum principal strain. The evolution of the unit cell axis' orientation is governed by a first-order rate equation. For the temporal discretization of the remodeling rate equation, we suggest an exponential update scheme of Euler-Rodrigues type. For the spatial discretization, a finite element strategy is applied which introduces the current individual cell orientation as an internal variable on the integration point level. Selected model problems are analyzed to illustrate the basic features of the new model. Finally, the presented approach is applied to the biomechanically relevant boundary value problem of an in vitro engineered functional tendon construct. [All rights reserved Elsevier]},
keywords = {biological tissues;biomechanics;finite element analysis;micromechanics;molecular biophysics;physiological models;proteins;},
} 

@ARTICLE{simotarnow:1992a,
           AUTHOR = "J. C. Simo and N. Tarnow",
     TITLE  = {Exact energy-momentum conserving algorithms and symplectic schemes for nonlinear dynamics},
     JOURNAL= cmame,
     YEAR   = 1992,
     VOLUME = 100,
     PAGES  = "63--116"}

@article{simotarnow:1992b,
title = {The discrete energy-momentum method. Conserving algorithms for nonlinear elastodynamics},
journal = {Zeitschrift fur Angewandte Mathematik und Physik},
author = "J. C. Simo and N. Tarnow",
volume = { 43},
number = { 5},
year = {1992},
pages = {757 - 92},} 

@BOOK{Reynolds:1903,
     AUTHOR = "O. Reynolds",
     TITLE  = "Papers on mechanical and physical subjects---{T}he sub-mechanics of the universe, {C}ollected works",
     PUBLISHER = "Cambridge University Press",
     VOLUME = 3,
     YEAR = 1903 }

@ARTICLE{Klischetal:2001,
     AUTHOR = "S. M. Klisch and T. J. van Dyke and A. Hoger",
     TITLE  = {{A theory of volumetric growth for compressible elastic biological materials}},
     JOURNAL = "Math. Mech. Solids",
     YEAR    = 2001,
     VOLUME  = 6,
     PAGES   = "551--575" }

@UNPUBLISHED{remodelpaper,
     AUTHOR = "K. Garikipati and E. M. Arruda
      and K. Grosh and S. Calve",
     TITLE  = {{A continuum treatment of remodelling in biological tissue: Self assembly and evolving reference configurations}},
     NOTE   = "Submitted to {\sl J. Mech. Phys. Sol.}",
     MONTH   = {},
     YEAR    = {2003}}

@UNPUBLISHED{Gonzalez:94,
           AUTHOR = "O. Gonzalez",
     TITLE  = {Computational {P}lasticity in {P}rincipal {S}tretches: {C}losed-{F}orm {E}xpressions for {E}lastoplastic {M}oduli},
     NOTE   = "Private communication",
     MONTH   = {},
     YEAR    = 1994}

@ARTICLE{HumphreyRajagopal:02,
     AUTHOR = "J. D. Humphrey and Rajagopal",
     TITLE  = {{A constrained mixture model for growth and remodeling of soft tissues}},
     JOURNAL = mmmas,
     YEAR    = 2002,
     VOLUME  = 12,
     NUMBER  = 3,
     PAGES   = "407--430" }


@ARTICLE{KlischHoger:2003,
     AUTHOR = "S. M. Klisch and A. Hoger",
     TITLE  = {{Volumetric growth of thermoelastic materials and mixtures}},
     JOURNAL = "Math. Mech. Solids",
     YEAR    = 2003,
     VOLUME  = 8,
     PAGES   = "377--402" }

@ARTICLE{Brewardetal:2003,
     AUTHOR = "C. J. W. Breward and H. M. Byrne and C. E. Lewis",
     TITLE  = {{A multiphase model describing vascular tumour growth}},
     JOURNAL = "Bull. Math. Biol.",
     YEAR    = 2003,
     VOLUME  = 65,
     PAGES   = "609--640" }

@ARTICLE{PreziosiFarina:2002,
     AUTHOR = "L. Preziosi and A. Farina",
     TITLE  = {{On Darcy's Law for growing porous media}},
     JOURNAL = "Int. J. Non-linear Mech.",
     YEAR    = 2002,
     VOLUME  = 37,
     PAGES   = "485--491" }


@BOOK{Fung:1993,
     AUTHOR = "Y. C. Fung",
     TITLE  = {{Biomechanics: Mechanical properties of living tissues}},
     PUBLISHER = "Springer-Verlag, New York",
     YEAR    = 1993,
     EDITION = {2}}

@BOOK{Vander:2003,
     AUTHOR = "E. P. Widmaier and H. Raff and K. T. Strang",
     TITLE = {{Vander, {S}herman and {L}uciano's {H}uman {P}hysiology: {T}he {M}echanisms of {B}ody {F}unction}},
     PUBLISHER = "McGraw-Hill, New York",
     YEAR= 2003,
     EDITION = {9}}

Vander, Sherman, Luciano's Human Physiology: The Mechanisms of Body Function

@BOOK{Terzaghi:1943,
     AUTHOR = "K. Terzaghi",
     TITLE  = {{Theoretical {S}oil {M}echanics}},
     PUBLISHER = "Wiley, New York; Chapman \& Hall, London",
     YEAR    = 1943,}

@BOOK{DeGrootMazur:1984,
     AUTHOR = "S. R. {D}e {G}root and P. Mazur",
     TITLE  = {{Non-equilibrium thermodynamics.}},
     PUBLISHER = "Dover Publications Inc., New York",
     YEAR    = 1985,}

@BOOK{deBoer:2000,
     AUTHOR = "R. de {B}oer",
     TITLE  = {{Theory of {P}orous {M}edia: {H}ighlights in {H}istorical {D}evelopment and {C}urrent {S}tate}},
     PUBLISHER = "Springer, Berlin",
     YEAR    = 2000,}

@ARTICLE{Lee:1969,
           AUTHOR = "E. H.  Lee",
     TITLE   = {Elastic-{P}lastic {D}eformation at {F}inite {S}trains},
     JOURNAL = jam,
     YEAR    = 1969,
     VOLUME  = 36,
     PAGES   = "1--6" }

@PHDTHESIS{Gonzalezphd:1996,
     AUTHOR = "Gonzalez, O.C.",
     TITLE  = {Design and analysis of conserving integrators for nonlinear Hamiltonian systems with
symmetry},
     SCHOOL = {Stanford University},
     YEAR   = 1996}

@Article{namyetal:04,
  author = {P. Namy and J. Ohayon and P. Tracqui},
  title = {{Critical conditions for pattern formation and in vitro tubulogenesis driven by cellular traction fields}},
  journal = {Journal of Theoretical Biology},
  volume = {227},
  pages = {103--120},
  year = {2004}
}

@Article{calveetal:07,
  author = {Calve, S. and Lytle, I. F. and Ma, J. and Grosh, K. and Brown, D. L. and Arruda, E. M.},
  title = {{In vivo conditioning increases tensile strength and collagen content of self-assembled tendon constructs}},
  journal = {{\em In preparation}},
  volume = {},
  pages = {},
  year = {2007}
}

@CONFERENCE{passmanetal,
  author = {S. L. Passman and J. W. Nunziato and E. K. Walsh},
  title = {{A theory of multiphase mixtures}},
     BOOKTITLE = {{R}ational {T}hermodynamics},
     YEAR    = 1984,
     EDITOR  = {C. Truedell},
     PUBLISHER  = {Springer-Verlag, New York.},
     PAGES   = {286--325}}

@Article{ateshian07,
  author = {G. A. Ateshian},
  title = {{On the theory of reactive mixtures for modeling biological growth}},
  journal = {Biomechanics and Modeling in Mechanobiology},
  volume = {},
  pages = {},
  year = {2007}
}

@CONFERENCE{arrudaetal05,
  author = {E. M. Arruda and S. C. Calve and K. Garikipati and K. Grosh and H. Narayanan},
  title = {{Characterization and {M}odeling of {G}rowth and {R}emodeling in {T}endon and {S}oft {T}issue {C}onstructs}},
     BOOKTITLE = {Proceedings of the {I}{U}{T}{A}{M} symposium on {M}echanics of {B}iological {T}issue},
     YEAR    = 2005}

@BOOK{newton1726,
     AUTHOR = "I. Newton",
     TITLE  = {{Sir {I}saac {N}ewton's {M}athematical {P}rinciples of {N}atural {P}hilosophy and his {S}ystem of the {W}orld}},
     PUBLISHER = "Edited by Florian Cajori. Translated by Andrew Motte. Berkeley. University of California Press, 1962",
     YEAR    = 1726,}

@CONFERENCE{bowen76,
     AUTHOR = "R. M. Bowen",
     TITLE  = {{Theory of mixtures}},
     BOOKTITLE = {Continuum Physics},
     volume = {3},
     YEAR    = 1976,
     EDITOR  = {A. E. Eringen},
     PUBLISHER  = {Academic, New York.},
     PAGES   = {1--127}}

@Article{loret05,
  author = {B. Loret and F. M. F. Sim{\~o}es},
  title = {{A framework for deformation, generalized diffusion, mass transfer and growth in multi-species multi-phase biological tissues}}, 
  journal = {European Journal of Mechanics A/Solids},
  volume = {24},
  pages = {757--781},
  year = {2005}
}

@Article{holzapfel96,
title = {On large strain viscoelasticity: continuum formulation and finite element applications to elastomeric structures},
journal = {International Journal for Numerical Methods in Engineering},
author = {Holzapfel, G.A.},
volume = { 39},
number = { 22},
year = {1996},
pages = {3903 - 26},
}

@Article{simo86,
title = {ON A FULLY THREE-DIMENSIONAL FINITE-STRAIN VISCOELASTIC DAMAGE MODEL: FORMULATION AND COMPUTATIONAL ASPECTS.},
journal = {Computer Methods in Applied Mechanics and Engineering},
author = {Simo, J. C.},
volume = { 60},
number = { 2},
year = {1987},
pages = {153 - 173},
}

@BOOK{wolff1892,
     AUTHOR = "J. Wolff",
     TITLE  = {{D}as {G}esetz der {T}ransformation der {K}nochen},
     PUBLISHER = "English translation by P. Maquet and R. Furlong. Belin, Springer-verlag, 1986",
     YEAR    = 1892,}

@Article{massoudi03,
  author = {M. Massoudi},
  title = {{Constitutive relations for the interaction force in multicomponent particulate flows}},
  journal = {International Journal of Non-Linear Mechanics},
  volume = {38},
  pages = {313--336},
  year = {2003}
}

@Article{mooney1940,
  author = {Mooney, M.},
  title = {A theory of large elastic deformation},
  journal = {Journal of Applied Physics},
  volume = {11},
  pages = {582--592},
  year = {1940}
}

@BOOK{leveque2007,
author = {R. J. LeVeque},
title = {{Finite {D}ifference {M}ethods for {O}rdinary and {P}artial {D}ifferential {E}quations: {S}teady {S}tate and {T}ime {D}ependent {P}roblems}},
PUBLISHER = "Society for Industrial and Applied Mathematics (SIAM), Philadelphia",
YEAR    = 2007,}

@Article{mowetal1980,
  author = {V.C. Mow and S.C. Kuei and W.M. Lai and C.G. Armstrong},
  title = {{Biphasic creep and stress relaxation of articular cartilage in compression: {T}heory and experiments}},
  journal = {Journal of Biomechanical Engineering},
  volume = {102(1)},
  pages = {73--84},
  year = {1980}
}


@CONFERENCE{doneaetal2004,
     AUTHOR = "J. Donea and A. Huerta and J.-{Ph}. Ponthot and A. Rodr\'iguez-Ferran",
     TITLE  = {{Arbitrary Lagrangian-Eulerian Methods}},
     BOOKTITLE = {Encyclopedia of Computational Mechanics. Volume 1: Fundamentals},
     YEAR    = 2004,
     EDITOR  = {Erwin Stein and Ren\'e de Borst and Thomas J.R. Hughes},
     PUBLISHER  = {John Wiley \& Sons, Ltd.}}

@article{tjacks2000 ,
title = {Mathematical model to study the effects of drug resistance and vasculature on the response of solid tumors to chemotherapy},
journal = {Mathematical Biosciences},
author = {Jackson, Trachette L. and Byrne, Helen M.},
volume = { 164},
number = { 1},
year = {2000},
pages = {17 - 38},
} 

@Article{jain1997,
  author = {G. Helmlinger and P. A. Netti and H. C. Lichtenbeld and R. J. Melder and R. K. Jain},
  title = {{Solid stress inhibits the growth of multicellular tumor spheroids}},
  journal = {Nature Biotechnology},
  volume = {15},
  pages = {778--783},
  year = {1997}
}

@Article{ma:07,
  author = {J. Ma},
  title = {{Development and characterization of engineered, scaffold-less bone and ligament tissues}},
  journal = {{\em In preparation}},
  volume = {},
  pages = {},
  year = {2007}
}

@article{nomurahughes1992,
title = {An arbitrary {L}agrangian-{E}ulerian finite element method for interaction of fluid and a rigid body},
journal = {Computer Methods in Applied Mechanics and Engineering},
author = {Nomura, T. and Hughes, T.J.R.},
volume = { 95},
number = { 1},
year = {1992},
pages = {115--38}
}

@article{sarrateetal2001,
title = {Arbitrary {L}agrangian-{E}ulerian formulation for fluid-rigid body interaction},
journal = {Computer Methods in Applied Mechanics and Engineering},
author = {Sarrate, J. and Huerta, A. and Donea, J.},
volume = {190},
number = { 24--25},
year = {2001},
pages = {3171--3188},
}

% jake's additions go even belower
@PHDTHESIS{McBride:2008,
author = {Mc{B}ride, A. T.},
title = {Formulation, analysis and solution algorithms for a model of gradient plasticity within a discontinuous {G}alerkin framework},
school = {University of Cape Town},
year = {2008}}

@BOOK{Holzapfel:2000,
author = {Holzapfel, G.A.},
title = {Nonlinear Solid Mechanics},
publisher = {John Wiley \& Sons, Ltd.},
year = {2000}}

@BOOK{Luenberger:1989,
author = {Luenberger, D.G.},
title = {Linear and Nonlinear Programming},
publisher = {Addison-Wesley},
year = {1989}}

@BOOK{glowlatallec:1989,
author = {Glowinski, R. and Le Tallec, P.},
title = {Augmented Langragian and Operator-Splitting Methods in Nonlinear Mechanics},
publisher = {Society for Industrial and Applied Mathematics (SIAM), Philadelphia},
year = {1989}}

@ARTICLE{Wellsetal:2006,
title = {A discontinuous Galerkin method for the Cahn-Hilliard equation},
journal = jcp,
author = {Wells, G. and Kuhl, E. and Garikipati, K.},
volume = {218},
year = {2006},
pages = {860--877}}

@ARTICLE{WellsDung:2007,
title = {A $C^0$ discontinuous Galerkin formulation for Kirchhoff plates},
journal = cmame,
author = {Wells, G.N. and Dung, N.T.},
volume = {196},
year = {2007},
pages = {3370--3380}}

@ARTICLE{NoelsRad:2008,
title = {An explicit discontinuous Galerkin method for non-linear solid dynamics: Formulation, parallel
  implementation and scalability properties},
journal = ijnme,
author = {Noels, L. and Radovitzky, R.},
volume = {74},
year = {2008},
pages = {1393--1420}}

@ARTICLE{Djoko1:2007,
  title = {A discontinuous Galerkin formulation for classical and gradient plasticity - Part 1: Formulation and analysis},
  journal = cmame,
  author = {Djoko, J.K. and Ebobisse, F. and McBride, A.T. and Reddy, B.D.},
  volume = {196},
  year = {2007},
  pages = {3881--3897}}

@ARTICLE{Djoko2:2007,
  title = {A discontinuous Galerkin formulation for classical and gradient plasticity - Part 2: Algorithms and numerical analysis},
  journal = cmame,
  author = {Djoko, J.K. and Ebobisse, F. and McBride, A.T. and Reddy, B.D.},
  volume = {197},
  year = {2007},
  pages = {1--21}}

@ARTICLE{Gurtin:2004,
  title = {A gradient theory of small-deformation isotropic plasticity that accounts for the Burgers vector and for dissipation due to plastic spin},
  journal = jmps,
  author = {Gurtin, M.E.},
  volume = {52},
  year = {2004},
  pages = {2545--2568}}

@ARTICLE{Gurtin:2005,
  title = {A theory of strain-gradient plasticity for isotropic, plastically irrotational materials. Part I: Small deformations},
  journal = jmps,
  author = {Gurtin, M.E.},
  volume = {53},
  year = {2005},
  pages = {1624--1649}}

@ARTICLE{Gurtin:2001,
  title = {On the characterization of geometrically necessary dislocations in finite plasticity},
  journal = jmps,
  author = {Gurtin, M.E.},
  volume = {49},
  year = {2001},
  pages = {1539--1568}}

@ARTICLE{SimoTaylor:1985,
  title = {Consistent tangent operators for rate-independent elasto-plasticity},
  journal = cmame,
  author = {Simo, J.C. and Taylor, R.L.},
  volume = {100},
  year = {1985},  
  pages = {63--116}}

@CONFERENCE{KronerTed:1972,
  AUTHOR = {Kroner, E. and Teodosiu, C.},
  TITLE  = {Lattice defect approach to plasticity and viscoplasticity},
  BOOKTITLE = {Problems of Plasticity},
  YEAR    = {1972},
  EDITOR  = {Sawczuk, A.},
  PUBLISHER  = {Noordhoff}}

@article{Aifantis:1987,
  title={{The Physics of Plastic Deformation}},
  author={Aifantis, E.C.},
  journal=ijp,
  volume={3},
  number={3},
  pages={211--247},
  year={1987}}

@article{Muhlhaus:1991,
  title={{A variational principle for gradient plasticity}},
  author={Muhlhaus, H.B. and Aifantis, E.C.},
  journal=ijss,
  volume={28},
  number={7},
  pages={845--857},
  year={1991}}

@conference{ReedHill:1973,
  title={{Triangular mesh methods for the neutron transport equation}},
  author={Reed, WH and Hill, TR},
  booktitle={National topical meeting on mathematical models and computational techniques for analysis of nuclear systems},
  volume={8},
  year={1973}}

@article{Nitsche:1971,
  title={{{\"U}ber ein Variationsprinzip zur L{\"o}sung von Dirichlet-Problemen bei Verwendung von Teilr{\"a}umen, die keinen Randbedingungen unterworfen sind [On a variational principle for solving Dirichlet problems less boundary conditions using subspaces]}},
  author={Nitsche, J.},
  journal={Abh. Math. Sem. Univ. Hamburg},
  volume={36},
  pages={9--15},
  year={1971}}

@article{BassiRebay:1997,
  title={{A High-Order Accurate Discontinuous Finite Element Method for the Numerical Solution of the Compressible Navier-Stokes Equations}},
  author={Bassi, F. and Rebay, S.},
  journal=jcp,
  volume={131},
  number={2},
  pages={267--279},
  year={1997},
  publisher={Academic Press}}

@article{Arnoldetal:2002,
  title={{Unified Analysis of Discontinuous Galerkin Methods for Elliptic Problems}},
  author={Arnold, D.N. and Brezzi, F. and Cockburn, B. and Marini, L.D.},
  journal={SIAM JOURNAL ON NUMERICAL ANALYSIS},
  volume={39},
  number={5},
  pages={1749--1779},
  year={2002},
  publisher={SIAM SOCIETY FOR INDUSTRIAL AND APPLIED MATHEMATICS}}

@article{Cockburn:2001,
  title={{Runge--Kutta discontinuous Galerkin methods for convection-dominated problems}},
  author={Cockburn, B. and Shu, C.W.},
  journal={Journal of Scientific Computing},
  volume={16},
  number={3},
  pages={173--261},
  year={2001},
  publisher={Springer}}

@article{Cockburn:1990,
  title={{The Runge-Kutta local projection discontinuous Galerkin finite element method for conservation laws. IV: The multidimensional case}},
  author={Cockburn, B. and Hou, S. and Shu, C.W.},
  journal={Mathematics of Computation},
  pages={545--581},
  year={1990},
  publisher={American Mathematical Society}}

@article{Cockburn:1989,
  title={{TVB Runge-Kutta local projection discontinuous Galerkin finite element method for conservation laws II: general framework}},
  author={Cockburn, B. and Shu, C.W.},
  journal={Mathematics of Computation},
  pages={411--435},
  year={1989},
  publisher={American Mathematical Society}}

@article{Nagtegaaletal:1974,
  title={{On numerical accurate finite element solutions in the fully plastic range}},
  author={Nagtegaal, JC and Parks, DM and Rice, JR},
  journal=cmame,
  volume={4},
  pages={153--177},
  year={1974}}

@article{Hughes:1980,
  title={{Generalization of selective integration procedures to anisotropic and nonlinear media}},
  author={Hughes, TJR},
  journal=ijnme,
  volume={15},
  pages={1413--1418},
  year={1980}}

@article{Brezzi:2000,
  title={{Discontinuous Galerkin approximations for elliptic problems}},
  author={Brezzi, F. and Manzini, G. and Marini, D. and Pietra, P. and Russo, A.},
  journal={Numerical Methods for Partial Differential Equations},
  volume={16},
  number={4},
  pages={365--378},
  year={2000},
  publisher={John Wiley \& Sons, Inc. New York}}

@article{Cermelli:2001,
  title={{On the characterization of geometrically necessary dislocations in finite plasticity}},
  author={Cermelli, P. and Gurtin, M.E.},
  journal=jmps,
  volume={49},
  number={7},
  pages={1539--1568},
  year={2001},
  publisher={Elsevier}}

@article{Asaro:1983,
  title={{Crystal plasticity}},
  author={Asaro, RJ},
  journal={Journal of applied mechanics},
  volume={50},
  number={4 B},
  pages={921--934},
  year={1983},
  publisher={American Society of Mechanical Engineers}}

@article{Garikipati:2000,
  title={{A variational multiscale approach to strain localization-formulation for multidimensional problems}},
  author={Garikipati, K. and Hughes, TJR},
  journal=cmame,
  volume={188},
  number={1--3},
  pages={39-60},
  year={2000},
  publisher={Elsevier}}

@article{Garikipati:1998,
  title={{A study of strain localization in a multiple scale framework - the one-dimensional problem}},
  author={Garikipati, K. and Hughes, T.J.R.},
  journal=cmame,
  volume={159},
  number={3-4},
  pages={193--222},
  year={1998},
  publisher={Elsevier}}

@BOOK{Lanczos:1970,
     AUTHOR = "Lanczos, Cornelius",
     TITLE  = {{The Variational Principles of Mechanics}},
     EDITION= {4},
     PUBLISHER = "Dover Publications Inc., New York",
     YEAR    = 1970}

@article{KeyKrieg:1982,
  title = "On the numerical implementation of inelastic time dependent and time independent, finite strain constitutive equations in structural mechanics",
  journal = cmame,
  volume = {33},
  number = {1-3},
  pages = {439 - 452},
  year = {1982},
  author = {Samuel W. Key and Raymond D. Krieg},
  publisher = {Elsevier}}

@article{KriegKey:1976,
  title={{Implementation of a time independent plasticity theory into structural computer programs}},
  author={Krieg, RD and Key, SW},
  journal={Constitutive equations in viscoplasticity: Computational and engineering aspects},
  pages={125--137},
  year={1976}}

@article{OrtizSimo:1986,
  title={{An analysis of a new class of integration algorithms for elastoplastic constitutive relations}},
  author={Ortiz, M. and Simo, JC},
  journal=ijnme,
  volume={23},
  number={3},
  year={1986},
  publisher={John Wiley \& Sons, Ltd New York}}

@book{Wilkins:1963,
  title={{Calculation of elastic-plastic flow}},
  author={Wilkins, M.L.},
  year={1963},
  publisher={UCRL--7322 (Rev. 1), California Univ., Livermore. Lawrence Radiation Lab.}}

@article{ColemanHodgdon:1985,
  title={{On shear bands in ductile materials}},
  author={Coleman, B.D. and Hodgdon, M.L.},
  journal={Archive for Rational Mechanics and Analysis},
  volume={90},
  number={3},
  pages={219--247},
  year={1985},
  publisher={Springer}}

@article{NixGao:1998,
  title={{Indentation size effects in crystalline materials: a law for strain gradient plasticity}},
  author={Nix, W.D. and Gao, H.},
  journal=jmps,
  volume={46},
  number={3},
  pages={411--425},
  year={1998},
  publisher={Elsevier}}

@article{Huangetal:2000,
  title={{Mechanism-based strain gradient plasticity-II. Analysis}},
  author={Huang, Y. and Gao, H. and Nix, WD and Hutchinson, JW},
  journal=jmps,
  volume={48},
  number={1},
  pages={99--128},
  year={2000},
  publisher={Elsevier}}

@article{Bazant:1988,
  title={{Nonlocal continuum damage, localization instability and convergence}},
  author={Bazant, ZP and Pijaudier-Cabot, G.},
  journal={Journal of Applied Mechanics},
  volume={55},
  number={2},
  pages={287--293},
  year={1988},
  publisher={American Society of Mechanical Engineers}}

@article{Stolken:1998,
  title={{A microbend test method for measuring the plasticity length scale}},
  author={St{\"o}lken, JS and Evans, AG},
  journal={Acta Materialia},
  volume={46},
  number={14},
  pages={5109--5115},
  year={1998},
  publisher={Elsevier}}

@article{Ma:1995,
  title={{Size dependent hardness of silver single crystals}},
  author={Ma, Q. and Clarke, D.R.},
  journal={Journal of Materials Research},
  volume={10},
  number={4},
  pages={853--863},
  year={1995},
  publisher={Pittsburgh, PA: Published for the Materials Research Society by the American Institute of Physics, c1986-}}

@article{Brezzi:1990,
  title={{A discourse on the stability conditions for mixed finite element formulations}},
  author={Brezzi, F.},
  journal=cmame,
  volume={82},
  number={1-3},
  pages={27--57},
  year={1990},
  publisher={Elsevier Sequoia SA Lausanne, Switzerland, Switzerland}}

@article{Fleck:2001,
  title={{A reformulation of strain gradient plasticity}},
  author={Fleck, NA and Hutchinson, JW},
  journal={Journal of the Mechanics and Physics of Solids},
  volume={49},
  number={10},
  pages={2245--2271},
  year={2001},
  publisher={Elsevier}}

 @article{Logg:2007,
     author = {A. Logg},
     title = {Automating the Finite Element Method},
     journal = {Arch. Comput. Methods Eng.},
     volume = {14},
     number = {2},
     pages = {93--138},
     year = {2007},
     issn = {1134-3060}}

 @techreport{DupHof:2003,
     author = {T. Dupont and J. Hoffman and C. Johnson and R. C. Kirby and M. G. Larson and A. Logg and L. R. Scott},
     title = {The {FE}ni{CS} project},
     institution = {Chalmers Finite Element Center Preprint Series},
     number = {2003--21},
     year = {2003}}

 @article{LoggWells:2009,
     author = {A. Logg and G. N. Wells},
     title = {{DOLFIN}: {A}utomated finite element computing },
     journal   = {Submitted},
     year   = {2009},
     url    = {http://www.fenics.org/pub/documents/dolfin/papers/dolfin-2009.pdf}}

 @article{KirLog:2006,
     author = {R. C. Kirby and A. Logg},
     title = {A Compiler for Variational Forms},
     journal = {{ACM} Transactions on Mathematical Software},
     volume = {32},
     number = {3},
     pages = {417--444},
     year = {2006},
     issn = {0098-3500}}

 @article{KirLog:2007,
     author = {R. C. Kirby and A. Logg},
     title = {Efficient Compilation of a Class of Variational Forms},
     journal = {{ACM} Transactions on Mathematical Software},
     volume = {33},
     number = {3},
     pages = {},
     year = {2007},
     issn = {0098-3500}}

 @article{OelgaardLoggWells:2008,
     author  = {K. B. {\O}lgaard and A. Logg and G. N. Wells},
     title   = {Automated code generation for discontinuous Galerkin methods},
     journal = {SIAM Journal on Scientific Computing},
     year    = {2008},
     volume  = {31},
     number  = {2},
     pages   = {849--864},
     url     = {http://dx.doi.org/10.1137/070710032}}

@article{Lewandowski:2005,
  title={{Temperature rise at shear bands in metallic glasses}},
  author={Lewandowski, JJ and Greer, AL},
  journal={Nature Materials},
  volume={5},
  number={1},
  pages={15--18},
  year={2005},
  publisher={Nature Publishing Group}}

@article{Meyers:2003,
  title={{Microstructural evolution in adiabatic shear localization in stainless steel}},
  author={Meyers, MA and Xu, YB and Xue, Q. and Perez-Prado, MT and McNelley, TR},
  journal={Acta Materialia},
  volume={51},
  number={5},
  pages={1307--1325},
  year={2003},
  publisher={Elsevier}}

@article{Solanki:2010,
  title={A thermodynamic framework for a gradient theory of continuum damage},
  author={Solanki, K.N. and Bammann, DJ},
  journal={Acta Mechanica},
  pages={1--12},
  year={2010},
  publisher={Springer}}

@article{Gurtin:1996,
  title={Generalized Ginzburg-Landau and Cahn-Hilliard equations based on a microforce balance},
  author={Gurtin, M.E.},
  journal={Physica D: Nonlinear Phenomena},
  volume={92},
  number={3-4},
  pages={178--192},
  year={1996},
  publisher={Elsevier}}

@article{Armero1992,
  author = {Armero, F and Simo, J},
file = {::},
issn = {1097-0207},
journal = {International Journal for numerical methods in Engineering},
number = {4},
pages = {737--766},
publisher = {Wiley Online Library},
title = {{A NEW UNCONDITIONALLY STABLE FRACTIONAL STEP METHOD FOR NON-LINEAR COUPLED THERMOMECHANICAL PROBLEMS}},
url = {http://onlinelibrary.wiley.com/doi/10.1002/nme.1620350408/abstract},
volume = {35},
year = {1992}
}
@misc{Bridgman1914,
author = {Bridgman, P. W.},
file = {::},
title = {{A Complete Collection Of Thermodynamic Formulas}},
year = {1914}
}
@article{Stainier2010,
author = {Stainier, L and Ortiz, M},
doi = {10.1016/j.ijsolstr.2009.11.012},
file = {::},
issn = {00207683},
journal = {International Journal of Solids and Structures},
keywords = {finite visco-plasticity,thermo-mechanical coupling,variational constitutive updates},
month = mar,
number = {5},
pages = {705--715},
publisher = {Elsevier Ltd},
title = {{Study and validation of a variational theory of thermo-mechanical coupling in finite visco-plasticity}},
volume = {47},
year = {2010}
}
@article{Varshni1970,
author = {Varshni, Y. P.},
file = {::},
issn = {0163-1829},
journal = {Physical review. B, Condensed matter},
keywords = {doi:10.1103/PhysRevB.2.3952 url:http://dx.doi.org/},
month = oct,
number = {10},
pmid = {9984637},
title = {{Temperature dependence of the elastic constants}},
url = {http://www.ncbi.nlm.nih.gov/pubmed/19466805},
volume = {2},
year = {1970}
}
@article{VonNeumann1949,
author = {VonNeumann, J. and Richtmyer, RD},
file = {::},
issn = {0021-8979},
journal = {Journal of Applied Physics},
number = {3},
pages = {232--237},
publisher = {AIP},
title = {{A Method for the Numerical Calculation of Hydrodynamic Shocks}},
url = {http://ieeexplore.ieee.org/xpls/abs\_all.jsp?arnumber=5119304},
volume = {21},
year = {1949}
}
@phdthesis{Yang2004,
author = {Yang, Q},
booktitle = {Engineering},
file = {::},
title = {{Thermomechanical variational principles for dissipative materials with application to strain localization in bulk metallic glasses}},
url = {http://resolver.caltech.edu/CaltechETD:etd-05282004-152537},
volume = {2004},
year = {2004}
}

@article{Yang2006,
author = {Yang, Q and Stainier, L and Ortiz, M},
doi = {10.1016/j.jmps.2005.08.010},
file = {::},
issn = {00225096},
journal = {Journal of the Mechanics and Physics of Solids},
keywords = {- see front matter,0022-5096,1 626 304 0175,1 626 395 4530,aero,all rights reserved,caltech,coupled problems,e-mail address,edu,fax,heat conduction,irreversible processes,m,ortiz,r 2005 elsevier ltd,tel,variational principles,viscoplasticity,\~{a} corresponding author},
month = feb,
number = {2},
pages = {401--424},
title = {{A variational formulation of the coupled thermo-mechanical boundary-value problem for general dissipative solids}},
volume = {54},
year = {2006}
}

@article{Argyris1981,
author = {Argyris, J.H. and Doltsinis, J.},
doi = {10.1016/0045-7825(81)90084-0},
file = {:Users/jtostie/Documents/ThermoMechanics/Argyris, Doltsinis - 1981.pdf:pdf},
issn = {00457825},
journal = {Computer Methods in Applied Mechanics and Engineering},
month = feb,
number = {2},
pages = {195--253},
title = {{On the natural formulation and analysis of large deformation coupled thermomechanical problems}},
volume = {25},
year = {1981}
}

@article{Simo1992,
author = {Simo, J and Miehe, C},
doi = {10.1016/0045-7825(92)90170-O},
file = {:Users/jtostie/Library/Application Support/Mendeley Desktop/Downloaded/Simo, Miehe - 1992 - Associative coupled thermoplasticity at finite strains Formulation, numerical analysis and implementation(2).pdf:pdf},
issn = {00457825},
journal = {Computer Methods in Applied Mechanics and Engineering},
month = jul,
number = {1},
pages = {41--104},
publisher = {Elsevier},
title = {{Associative coupled thermoplasticity at finite strains: Formulation, numerical analysis and implementation}},
volume = {98},
year = {1992}
}

@article{Regueiro2002,
  title={A nonlocal phenomenological anisotropic finite deformation plasticity model accounting for dislocation defects},
  author={Regueiro, R.A. and Bammann, D.J. and Marin, E.B. and Garikipati, K.},
  journal={Journal of engineering materials and technology},
  volume={124},
  pages={380},
  year={2002}
}

@article{Taylor1934,
  title={The mechanism of plastic deformation of crystals. Part I. Theoretical},
  author={Taylor, GI},
  journal={Proceedings of the Royal Society of London. Series A, Containing Papers of a Mathematical and Physical Character},
  volume={145},
  number={855},
  pages={362--387},
  year={1934},
  publisher={JSTOR}
}

@article{Kocks1980,
  title={A mechanism for static and dynamic recovery},
  author={Kocks, UF and Mecking, H.},
  journal={Strength of metals and alloys},
  pages={345--350},
  year={1980}
}

@article{Estrin1984,
  title={A unified phenomenological description of work hardening and creep based on one-parameter models},
  author={Estrin, Y. and Mecking, H.},
  journal={Acta Metallurgica},
  volume={32},
  number={1},
  pages={57--70},
  year={1984},
  publisher={Elsevier}
}

@article{Nes1995,
  title={Recovery revisited},
  author={Nes, E.},
  journal={Acta metallurgica et materialia},
  volume={43},
  number={6},
  pages={2189--2207},
  year={1995},
  publisher={Elsevier}
}

@article{Gurson1977,
  title={Continuum theory of ductile rupture by void nucleation and growth: Part I—Yield criteria and flow rules for porous ductile media},
  author={Gurson, Arthur L},
  journal={Journal of engineering materials and technology},
  volume={99},
  number={1},
  pages={2--15},
  year={1977},
  publisher={American Society of Mechanical Engineers}
}

@article{Nahshon2008,
  title={Modification of the Gurson model for shear failure},
  author={Nahshon, K and Hutchinson, JW},
  journal={European Journal of Mechanics-A/Solids},
  volume={27},
  number={1},
  pages={1--17},
  year={2008},
  publisher={Elsevier}
}

@article{Nahshon2009,
  title={A modified Gurson model and its application to punch-out experiments},
  author={Nahshon, Ken and Xue, Zhenyu},
  journal={Engineering fracture mechanics},
  volume={76},
  number={8},
  pages={997--1009},
  year={2009},
  publisher={Elsevier}
}

@article{Steinmann1994,
  title={Comparison of different finite deformation inelastic damage models within multiplicative elastoplasticity for ductile materials},
  author={Steinmann, P and Miehe, Ch and Stein, E},
  journal={Computational Mechanics},
  volume={13},
  number={6},
  pages={458--474},
  year={1994},
  publisher={Springer}
}

@article{Chu1980,
  title={Void nucleation effects in biaxially stretched sheets},
  author={Chu, CC and Needleman, A},
  journal={Journal of Engineering Materials and Technology(Transactions of the ASME)},
  volume={102},
  number={3},
  pages={249--256},
  year={1980}
}
@article{Tvergaard1984,
  title={Analysis of the cup-cone fracture in a round tensile bar},
  author={Tvergaard, Viggo and Needleman, Alan},
  journal={Acta metallurgica},
  volume={32},
  number={1},
  pages={157--169},
  year={1984},
  publisher={Elsevier}
}

@book{Belytschko2013,
  title={Nonlinear finite elements for continua and structures},
  author={Belytschko, Ted and Liu, Wing Kam and Moran, Brian and Elkhodary, Khalil},
  year={2013},
  publisher={John Wiley \& Sons}
}

@techreport{Salinger2013,
  title={Albany: A Component-Based Partial Differential Equation Code Built on Trilinos.},
  author={Salinger, Andrew G and Bartett, Roscoe A and Chen, Quishi and Gao, Xujiao and Hansen, Glen and Kalashnikova, Irina and Mota, Alejandro and Muller, Richard P and Nielsen, Erik and Ostien, Jakob and others},
  year={2013},
  institution={Sandia National Laboratories Livermore, CA; Sandia National Laboratories (SNL-NM), Albuquerque, NM (United States)}
}

@article{Miehe1996,
  title={Numerical computation of algorithmic (consistent) tangent moduli in large-strain computational inelasticity},
  author={Miehe, Christian},
  journal={Computer Methods in Applied Mechanics and Engineering},
  volume={134},
  number={3},
  pages={223--240},
  year={1996},
  publisher={Elsevier}
}

@article{Simo1985,
  title={Consistent tangent operators for rate-independent elastoplasticity},
  author={Simo, Juan C and Taylor, Robert Leroy},
  journal={Computer Methods in Applied Mechanics and Engineering},
  volume={48},
  number={1},
  pages={101--118},
  year={1985},
  publisher={Elsevier}
}

@inproceedings{Chen2014,
  title={Automatic Differentiation for Numerically Exact Computation of Tangent Operators in Small-and Large-Deformation Computational Inelasticity},
  author={Chen, Qiushi and Ostien, Jakob T and Hansen, Glen and others},
  booktitle={TMS 2014 143rd Annual Meeting \& Exhibition, Annual Meeting Supplemental Proceedings},
  pages={289},
  year={2014},
  organization={John Wiley \& Sons}
}

@techreport{Heroux2003,
  title={An overview of Trilinos},
  author={Heroux, Michael and Bartlett, Roscoe and Hoekstra, Vicki Howle Robert and Hu, Jonathan and Kolda, Tamara and Lehoucq, Richard and Long, Kevin and Pawlowski, Roger and Phipps, Eric and Salinger, Andrew and others},
  year={2003},
  institution={Technical Report SAND2003-2927, Sandia National Laboratories}
}

@book{Griewank2008,
  title={Evaluating derivatives: principles and techniques of algorithmic differentiation},
  author={Griewank, Andreas and Walther, Andrea},
  year={2008},
  publisher={Siam}
}

@article{Pawlowski2012a,
  title={Automating embedded analysis capabilities and managing software complexity in multiphysics simulation, Part I: Template-based generic programming},
  author={Pawlowski, Roger P and Phipps, Eric T and Salinger, Andrew G},
  journal={Scientific Programming},
  volume={20},
  number={2},
  pages={197--219},
  year={2012},
  publisher={IOS Press}
}

@article{Pawlowski2012b,
  title={Automating embedded analysis capabilities and managing software complexity in multiphysics simulation, Part II: Application to partial differential equations},
  author={Pawlowski, Roger P and Phipps, Eric T and Salinger, Andrew G and Owen, Steven J and Siefert, Christopher M and Staten, Matthew L},
  journal={Scientific Programming},
  volume={20},
  number={3},
  pages={327--345},
  year={2012},
  publisher={Hindawi Publishing Corporation}
}