@Book{ASTME1820,
   Author="E1820-05a",
   Title="Computational Inelasticity",
   Publisher="American Society for Testing and Materials",
   Address="Philadelphia",
   Year=2005}

@Article{Abraham1995,
   Author="Abraham, D.P. and Alstetter, C.J.",
   Title="Hydrogen-enhanced localization of plasticity in an austenitic stainless steel",
   Journal="Metallurgical and Materials Transactions A",
   Volume=26,
   Pages="2859-2871",
   Year=1995}

@Article{Bailey1967,
   Author="Bailey, A.I. and Kay, S.M.",
   Title="A direct measurement of the influence of vapour, of liquid,
          and of oriented monolayers on the interfacial energy
          of mica",
   Journal="Proceedings of the Royal Society of London",
   Volume="A301",
   Pages="1464",
   Year=1967}

@Incollection{Ballarini2001,
   Author="Ballarini, R. and Kahn, H. and Tayebi, N. and Heuer, A.H.",
   Title="Effects of microstructure on the strength and fracture toughness of
          polysilicon: a wafer level testing approach",
   Booktitle="Mechanical properties of structural films, STP 1413",
   Editor="Muhlstein, C.L. and Brown, S.B.",
   Publisher="American Society for Testing and Materials",
   Pages="37-51",
   Year=2001}

@Article{Boyce2007,
   Author="Boyce, B.L. and Grazier, J.M. and Buchheit, T.E. and Shaw, M.J.",
   Title="Strength distributions in polycrystalline silicon MEM",
   Journal="ASTM STP",
   Volume=906,
   Pages="329-346",
   Year=1986}

@Article{Bazzard1986,
   Author="Bazzard, R.J. and Gross, B. and Srawley, J.E.",
   Title="Mode \uppercase{II} fatigue crack growth specimen",
   Journal="ASTM STP",
   Volume=906,
   Pages="329-346",
   Year=1986}

@Article{Becher1996,
   Author="Becher, P.F. and Hsueh, C.-H. and Alexander, K.B. and Sun, E.Y.",
   Title="Influence of reinforcement content and diameter on the \text{R}-curve response in \text{SiC}-whisker-reinforced alumina",
   Journal="Journal of the American Ceramic Society",
   Volume=79,
   Pages="298-304",
   Year=1996}

@Article{Becher1998,
   Author="Becher, P.F. and Sun, E.Y. and Plucknett, K.P. and Alexander, K.B. and Hsueh, C.-H. and Lin, H.-T. and Waters, S.B. and Westmoreland, C.G.",
   Title="Microstructural design of silicon nitride with improved fracture toughness: \uppercase{I}, effect of grain size and shape",
   Journal="Journal of the American Ceramic Society",
   Volume=81,
   Pages="2821-2830",
   Year=1998}

@InProceedings{Bryant1963,
   Author="Bryant, P.J. and Taylor, L.H. and Guthshall, P.L.",
   Title="Cleavage studies of lamellar solids in various gas environments",
   BookTitle="Transactions of the 10th National Vacuum Symposium",
   Year=1963}

@Article{Cai1994,
   Author="Cai, H. and Padture, N.P. and Hooks, B.M. and Lawn, B.R.",
   Title="Flaw tolerance and toughness curves in two-phase particulate composites: Si\text{C}/glass system",
   Journal="Journal of the European Ceramic Society",
   Volume=13,
   Pages="149-157",
   Year=1994}

@Article{Campbell1999,
   Author="Campbell, J.P. and Venkateswara, R.K.T. and Ritchie, R.O.",
   Title="The effect of microstructure on fracture toughness and fatigue crack growth in $\gamma$-titanium aluminide based intermetallics",
   Journal="Metallurgical and Materials Transactions",
   Volume="30A",
   Pages="563-577",
   Year=1999}

@Book{Campbell1982,
   Title="Application of fracture mechanics for selection of metallic structural materials",
   Author="Campbell, J.E. and Gerberich, W.W. and Underwood, J.H.",
   Publisher="American Society for Metials",
   Address = "Metals Park, OH",
   Year=1982}

@Article{Cao1996,
   Author="Cao, J.J. and MoberlyChan, W.J. and DeJonghe, L.C. and Gilbert, C.J. and Ritchie, R.O.",
   Title="In situ toughened silicon carbide with \text{A}l-\text{B}-\text{C} additions",
   Journal="Journal of the American Ceramic Society",
   Volume=79,
   Pages="461-469",
   Year=1996}

@Article{Chan2000,
   Author="Chan, K.S. and Onstott, J. and Kumar, K.S.",
   Title="The fracture resistance of a binary \text{TiAl} alloy",
   Journal="Metallurgical and Materials Transactions",
   Volume="A31",
   Pages="71-80",
   Year=2000}

@Article{Chasiotis2004,
   Author="Chasiotis, I.",
   Title="Mechanics of thin films and microdevices",
   Journal="IEEE Transactions on Device and Materials Reliability",
   Volume="4",
   Pages="176-188",
   Year=2004}
   
   @Article{Chasiotis2006,
   Author="Chasiotis, I. and Cho, S.W. and Jonnalagadda, K.",
   Title="Fracture toughness and subcritical crack growth in polycrsytalline silicon",
   Journal="Journal of Applied Mechanics",
   Volume="73",
   Pages="714-722",
   Year=2006}

@Article{Cook1985,
   Author="Cook, R.F. and Lawn, B.R. and Fairbanks, C.J.",
   Title="Microstructure-stength properties in ceramics: \uppercase{I}, effect of crack size on toughness",
   Journal="Journal of the American Ceramic Society",
   Volume=68,
   Pages="604-615",
   Year=1985}

@Article{Chen2000a,
   Author="Chen, D. and Gilbert, C.J. and Zhang, X.F. and Ritchie, R.O.",
   Title="High-temperature cyclic fatigue-crack growth behavior in an in situ toughened silicon carbide",
   Journal="Acta Materialia",
   Volume=48,
   Pages="659-674",
   Year=2000}

@Article{Chen2000b,
   Author="Chen, D. and Zhang, X.-F. and Ritchie, R.O.",
   Title="Effects of grain-boundary structure on the strength, toughness, and cyclic fatigue properties of a monolithic silicon carbide",
   Journal="Journal of the American Ceramic Society",
   Volume=83,
   Pages="2079-2081",
   Year=2000}

@Article{Davidge1968,
   Author="Davidge, R.W. and Tappin, G.",
   Title="The effective surface energy of brittle materials",
   Journal="Journal of Materials Science",
   Volume=3,
   Pages="165-173",
   Year=1968}

@Article{Davidson1992,
   Author="Davidson, D.L. and Lankford, J.",
   Title="Fatigue crack growth in metals and alloys: mechanisms and micromechanics",
   Journal="International Materials Reviews",
   Volume=37,
   Pages="45-76",
   Year=1992}

@Article{Evans1972,
   Author="Evans, A.G. and Tappin, G.",
   Title="Effect of microstructure on the stress to propagate inherent flaws",
   Journal="Proceedings of the British Ceramic Society",
   Volume=20,
   Pages="275-297",
   Year=1972}

@Article{Faber1983b,
   Author="Faber, K.T. and Evans, A.G.",
   Title="Crack deflection processes. \uppercase{II}. experiment",
   Journal="Acta Metallurgica",
   Volume=31,
   Pages="577-584",
   Year=1983}

@Article{Ferney1999,
   Author="Ferney, B.D. and DeVary, M.R. and Hsia, K.J. and Needleman, A.",
   Title="Oscillatory Crack Growth in Glass",
   Journal="Scripta Materialia",
   Comment="in press",
   Year=1993}

@Article{Fineberg1991,
   Author=" Fineberg, J. and Gross, S.P. and Marder, M. and Swinney, H.L.",
   Title="Instability in dynamic fracture",
   Journal="Physical Review Letters",
   Volume=67,
   Pages="457-460",
   Year=1991}

@Article{Fineberg1992,
   Author="Fineberg, J. and Gross, S.P. and Marder, M. and Swinney, H.L.",
   Title="Instability in the propagation of fast cracks",
   Journal="Physical Review B",
   Volume=45,
   Pages="5146-5154",
   Year=1992}

@Article{George1993,
   Author="George, A. and Michot, G.",
   Title="Dislocation loops at crack tips: nucleation and growth: an
          experimental study in silicon",
   Journal="Materials Science and Engineering A",
   Volume=164,
   Pages="118-134",
   Year=1993}

@Article{George1994,
   Author="George, A. and Michot, G.",
   Title="Dislocation loops at crack tips: control and analysis of
          sources in silicon",
   Journal="Materials Science and Engineering A",
   Volume=176,
   Pages="99-109",
   Year=1994}

@Article{Gilbert1996,
   Author="Gilbert, C.J. and Cao, J.J. and MoberlyChan, W.J. and De Jonghe, L.C. and Ritchie, R.O.",
   Title="Cyclic fatigue and resistance-curve behavior of an in situ toughened silicon carbide with \text{Al}-\text{B}-\text{C} additions",
   Journal="Acta Materialia",
   Volume=44,
   Pages="3199-3214",
   Year=1996}

@Article{Gilbert1998,
   Author="Gilbert, C.J. and Ritchie, R.O.",
   Title="On the quantification of bridging tractions during subcritical crack growth under monotonic and cyclic
   fatigue loading in a grain-bridging silicon carbide ceramic",
   Journal="Acta Materialia",
   Volume=46,
   Pages="609-616",
   Year=1998}

@Article{Hay1993,
   Author="Hay, J.C. and White, K.W.",
   Title="Grain-bridging mechanisms in monolithic alumina and spinel",
   Journal="Journal of the American Ceramic Society",
   Volume=76,
   Pages="1849-54",
   Year=1993}

@Article{Hubner1977,
   Author="H\text{\"{u}}bner, H. and Jillek, R.W.",
   Title="Sub-critical crack extension and crack resistance in polycrystalline alumina",
   Journal="Journal of the American Ceramic Society",
   Volume=76,
   Pages="1849-1854",
   Year=1977}

@Inproceedings{Kalthoff1987,
   Author="Kalthoff, J.F. and Winkler, S.",
   Title="Failure mode transition at high rates of shear loading",
   Booktitle="International Conference on Impact Loading and Dynamic
              Behavior of Materials",
   editor="Chiem, C.Y. and Kunze, H.D. and Meyer, L.W.",
   Pages="185-195",
   Year=1987}

@Article{Kamitani1997,
   Author="Kamitani, K. and Grimsditch, M. and Nipko, J.C. and Loong, C.-K. and Okada, M. and Kimura, I.",
   Title="The elastic constants of silicon carbide: A \uppercase{B}rillouin-scattering study of 4\text{H} and 6\text{H} \text{SiC} single crystals",
   Journal="Journal of Applied Physics",
   Volume=82,
   Pages="3152-3154",
   Year=1997}

@Article{Knauss1993a,
   Author="Knauss, W.G.",
   Title="Time dependent fracture and cohesive zones",
   Journal="Journal of Engineering Materials and Technology",
   Volume=115,
   Pages="262-267",
   Year=1993}

@Article{Knauss1993b,
   Author="Knauss, W.G. and Losi, G.U.",
   Title="Crack Propagation in a Nonlinearly Viscoelastic Solid
          with Relevance to Adhesive Bond Failure",
   Journal="Journal of Applied Mechanics",
   Volume=60,
   Pages="793-801",
   Year=1993}

@Article{Knehans1982,
   Author="Knehans, R. and Steinbrech, R.",
   Title="Memory effect of crack resistance during slow crack growth in notched $\text{Al}_{\text{2}}\text{O}_{\text{3}}$",
   Journal="Journal of Materials Science Letters",
   Volume=1,
   Pages="327-329",
   Year=1982}

@Article{Kruzic2004,
   Author="Kruzic, J.J. and Cannon, R.M. and Ritchie, R.O.",
   Title="Crack-size effects on cyclic and monotonic crack growth in polycrystalline alumina: quantification of the role of grain bridging",
   Journal="Journal of the American Ceramic Society",
   Volume=87,
   Pages="93-103",
   Year=2004}

@Article{Kruzic2005a,
   Author="Kruzic, J.J. and Cannon, R.M. and Ager III, J.W. and Ritchie, R.O.",
   Title="Fatigue threshold $\text{R}$-curves for predicting reliability of ceramics under cyclic loading",
   Journal="Acta Materialia",
   Volume=53,
   Pages="2595-2605",
   Year=2005}

@Article{Kruzic2005b,
   Author="Kruzic, J.J. and Cannon, R.M. and Ritchie, R.O.",
   Title="Effects of moisture on the grain boundary strength, fracture, and fatigue properties of alumina",
   Journal="Journal of the American Ceramic Society",
   Volume=88,
   Pages="2236-2245",
   Year=2005}

@Article{Kumnick1980,
   Author="Kumnick, A.J. and Johnson, H.H.",
   Title="Deep trapping states for hydrogen in deformed iron",
   Journal="Acta Metallurgica",
   Volume=28,
   Pages="95-911",
   Year=1980}

@Article{Lange1973,
   Author="Lange, F.F.",
   Title="Relation between strength, fracture energy and microstructure of hot-pressed $\text{Si}_{\text{3}}\text{N}_{\text{4}}$",
   Journal="Journal of the American Ceramic Society",
   Volume=56,
   Pages="518-522",
   Year=1973}

@Article{Lange1979,
   Author="Lange, F.F.",
   Title="Fracture toughness of $\text{Si}_{\text{3}}\text{N}_{\text{4}}$ as a function of the inital $\alpha$-phase content",
   Journal="Journal of the American Ceramic Society",
   Volume=62,
   Pages="428-430",
   Year=1979}

@Article{LeeD1994,
   Author="Lee, D.-H. and Kim, H.-E. and Cho, S.-J.",
   Title="Microstructure and fracture toughness of hot-pressed \text{SiC} reinforced with \text{SiC} whisker",
   Journal="Journal of the American Ceramic Society",
   Volume=77,
   Pages="3270-3272",
   Year=1994}

@Article{LeeS1994,
   Author="Lee, S.K. and Kim, D.K. and Kim, C.H.",
   Title="Microstructure development and mechanical properties of pressureless-sintered \text{SiC} with plate-like
   grains using $\text{Al}_{\text{2}}\text{O}_{\text{3}}$ - $\text{Y}_{\text{2}}\text{O}_{\text{3}}$ additives",
   Journal="Journal of Materials Science",
   Volume=29,
   Pages="5321-5326",
   Year=1994}

@Article{Li1992,
   Author="Li, C.-W. and Lee, D.-J. and Lui, S.-C.",
   Title="R-curve behavior and strength for in-situ reinforced silicon nitrides with different microstructures",
   Journal="Journal of the American Ceramic Society",
   Volume=75,
   Pages="1777-1785",
   Year=1992}

@Article{Macmillan1972,
   Author="Macmillan, N.H.",
   Title="Review: the theoretical strength of solids",
   Journal="Journal of Materials Science",
   Volume=7,
   Pages="239-254",
   Year=1972}

@Article{Marshall1985,
   Author="Marshall, D.B. and Evans, A.G.",
   Title="Failure mechanisms in ceramic-fiber/ceramic-matrix composites",
   Journal="Journal of the American Ceramic Society",
   Volume=68,
   Pages="225-231",
   Year=1985}

@Article{Marshall1988b,
   Author="Marshall, D.B.",
   Title="Interfaces and toughening in ceramics",
   Journal="Journal de Physique Colloque",
   Volume=49,
   Pages="25-33",
   Year=1988}

@Article{Mao1998,
   Author="Mao, X. and Qiao, L. and Li, X.",
   Title="In-situ transmission electron microscope study on nanocrack
          nucleation and growth of intermetallic alloy",
   Journal="Acta Metallurgica",
   Volume=39,
   Pages="519-525",
   Year=1998}

@Article{Merala1988,
   Author="Merala, T.B. and Chan, H.W. and Howitt, D.G. and Kelsey, P.V. and Korth, G.E. and Williamson, R.L.",
   Title="Dislocation microstructures in explosively deformed hard materials",
   Journal="Materials Science and Engineering A",
   Volume="105",
   Pages="293-298",
   Year=1988}

@Article{Mao1999,
   Author="Mao, X.",
   Title="Nucleation of Nanocracks by Quasi-Cleavage Process
          in Dislocation Free Zone",
   Journal="Philosophical Magazine A",
   Comment="in press",
   Year=1999}

@Article{McNeil1993,
   Author="McNeil, L.E.",
   Title="Elastic moduli of muscovite mica",
   Journal="Journal of Physics: Condensed Matter",
   Volume=5,
   Pages="1681-1690",
   Year=1993}

@Article{MoberlyChan1998,
   Author="MoberlyChan, W.J. and DeJonghe, L.C.",
   Title="Controlling interface chemistry and structure to process and toughen silicon carbide",
   Journal="Acta Materialia",
   Volume=46,
   Pages="2471-2477",
   Year=1998}

@Article{Mohanty2000,
   Author="Mohanty, A.K. and Misra, M. and Hinrichsen, G.",
   Title="Biofibres, biodegradable polymers and biocomposites: $\text{A}$n overview",
   Journal="Macromolecular Materials and Engineering",
   Volume=276,
   Pages="1-24",
   Year=2000}

@Article{Nalla2003,
   Author="Nalla, R.K. and Kinney, J.H. and Ritchie, R.O.",
   Title="Mechanistic fracture criteria for the failure of human cortical bone",
   Journal="Nature Materials",
   Volume=2,
   Pages="164-168",
   Year=2003}

@Article{Netravali2002,
   Author="Lodha, P. and Netravali, A.N.",
   Title="Characterization of interfacial and mechanical properties of `green'
    composites iwth soy protein and ramie fiber",
   Journal="Journal of Materials Science",
   Volume="37",
   Pages="3657-3665",
   Year=2002}

@Article{Netravali2004,
   Author="Chabba, S. and Netravali, A.N.",
   Title="`$\text{G}$reen' composites using modified soy protein concentrate resin and flax
    fabrics and yarns",
   Journal="JSME International Journal Series A",
   Volume="47",
   Pages="556-560",
   Year=2004}

@Article{Netravali2005a,
   Author="Chabba, S. and Netravali, A.N.",
   Title="`$\text{G}$reen' composites part 1: Characterization of flax fabric and
    glutaraldehyde modified soy protein concentrate composites",
   Journal="Journal of Materials Science",
   Volume="40",
   Pages="6263-6273",
   Year=2005}

@Article{Netravali2005b,
   Author="Chabba, S. and Netravali, A.N.",
   Title="`$\text{G}$reen' composites part 2: Characterization of flax yarn and
    glutaraldehyde/poly(vinyl alcohol) modified soy protein concentrate composites",
   Journal="Journal of Materials Science",
   Volume="40",
   Pages="6275-6282",
   Year=2005}

@Article{Obreimoff1930,
   Author="Obreimoff, J.W.",
   Title="The splitting strength of mica",
   Journal="Proceedings of The Royal Society of London",
   Volume="A215",
   Pages="905",
   Year=1930}

@Article{Padture1994a,
   Author="Padture, N.P.",
   Title="In situ toughened silicon carbide",
   Journal="Journal of the American Ceramic Society",
   Volume=77,
   Pages="519-523",
   Year=1994}

@Article{Padture1994b,
   Author="Padture, N.P. and Lawn, B.R.",
   Title="Toughness properties of a silicon carbide with an in situ induced heterogeneous grain structure",
   Journal="Journal of the American Ceramic Society",
   Volume=77,
   Pages="2518-2522",
   Year=1994}
   
   @Article{Nibur2009,
   Author="Nibur, K.A. and Somerday, B.P. and Balch, D.K. and San Marchi, C.",
   Title="The role of localized deformation in hydrogen-assisted crack propagation in 21\uppercase{C}r-6\uppercase{N}i-9\uppercase{M}n stainless steel",
   Journal="Acta Materialia",
   Volume=57,
   Pages="3795-3809",
   Year=2009}
   
@Article{Qiao2003a,
   Author="Qiao, Y. and Argon, A.S.",
   Title="Cleavage crack-growth-resitance of grain boundaries in polycrystalline $\text{Fe}\text{-2}$\%$\text{Si}$ alloy: experiments and modeling",
   Journal="Mechanics of Materials",
   Volume=35,
   Pages="129-154",
   Year=2003}

@Article{Qiao2003b,
   Author="Qiao, Y. and Argon, A.S.",
   Title="Cleavage cracking resistance of high angle grain boundaries in $\text{Fe}\text{-3}$\%$\text{Si}$ alloy: experiments and modeling",
   Journal="Mechanics of Materials",
   Volume=35,
   Pages="313-331",
   Year=2003}

@Article{RaviChandar1998,
   Author="Ravi-Chandar, K.",
   Title="Dynamic fracture of nominally brittle materials",
   Journal="International Journal of Fracture",
   Volume=90,
   Pages="83-102",
   Year=1998}

@Article{RaviChandar1984a,
   Author="Ravi-Chandar, K. and Knauss, W.G.",
   Title="An experimental investigation into dynamic fracture:
          \uppercase{I}. crack initiation and arrest",
   Journal="International Journal of Fracture",
   Volume=25,
   Pages="247-262",
   Year=1984}

@Article{RaviChandar1984b,
   Author="Ravi-Chandar, K. and Knauss, W.G.",
   Title="An experimental investigation into dynamic fracture:
          \uppercase{II}. microstructural aspects",
   Journal="International Journal of Fracture",
   Volume=26,
   Pages="65-80",
   Year=1984}

@Article{RaviChandar1984c,
   Author="Ravi-Chandar, K. and Knauss, W.G.",
   Title="An experimental investigation into dynamic fracture:
          \uppercase{III}. on steady state propagation and branching",
   Journal="International Journal of Fracture",
   Volume=26,
   Pages="141-154",
   Year=1984}

@Article{RaviChandar1984d,
   Author="Ravi-Chandar, K. and Knauss, W.G.",
   Title="An experimental investigation into dynamic fracture:
          \uppercase{IV}. on the interaction of stress waves with
          propagating cracks",
   Journal="International Journal of Fracture",
   Volume=26,
   Pages="189-200",
   Year=1984}

Article{RaviChandar1998,
   Author="Ravi-Chandar, K.",
   Title="Dynamic fracture of nominally brittle materials",
   Journal="International Journal of Fracture",
   Volume="90",
   Pages="83-102",
   Year=1998}

@Article{Ravichandran1994,
   Author="Chen, W.N. and Ravichandran, G.",
   Title="Dynamic Compressive Behavior of Ceramics Under Lateral Confinement",
   Journal="Journal of Physics",
   Volume=4,
   Pages="177-182",
   Year=1994}

@Article{Ravichandran1996,
   Author="Chen, W.N. and Ravichandran, G.",
   Title="Static and Dynamic Compressive Behavior of Aluminum
          Nitride Under Moderate Confinement",
   Journal="Journal of the American Ceramic Society",
   Volume=79,
   Pages="579-584",
   Year=1996}

@MISC{Ritchie2003,
  Author = "Ritchie, R.O.",
  Howpublished = "Personal communication",
  Year = 2003}

@Article{Rodel1990,
   Author="R\text{\"{o}}del, J. and Kelly, J.F. and Lawn, B.R.",
   Title="In situ measurements of bridged crack interfaces in the scanning electron microscope",
   Journal="Journal of the American Ceramic Society",
   Volume="73",
   Pages="3313-3318",
   Year=1990}

@Article{Rodel1992,
   Author="R\text{\"{o}}del, J.",
   Title="Interaction between crack deflection and crack bridging",
   Journal="Journal of the European Ceramic Society",
   Volume="10",
   Pages="143-150",
   Year=1992}

@Article{Ronsin1995,
   Author="Ronsin, O. and Heslot, F. and Perrin, B.",
   Title="Experimental study of quasi-static crack propagation",
   Journal="Physical Review Letters",
   Volume=75,
   Pages="2352-2355",
   Year=1995}

@Article{Ronsin1997,
   Author="Ronsin, O. and Perrin, B.",
   Title="Multi-fracture propagation in a directional crack-growth experiment",
   Journal="Europhysics Letters",
   Volume=38,
   Pages="435-440",
   Year=1997}

@Article{Sajgalik1995,
   Author="Sajgalik, P. and Dusza, J. and Hoffmann, M.J.",
   Title="Relationship between microstructure, toughening mechanisms, and fracture toughness of reinforced silicon nitride ceramics",
   Journal="Jounal of the American Ceramic Society",
   Volume=78,
   Pages="2619-2624",
   Year=1995}
  
  @Article{SanMarchi2007,
   Author="San March, C. and Somerday, B.P. and Robinson, S.L.",
   Title="Permeability, solubility, and diffusivity of hydrogen isotopes in stainless steels at high gas pressures.",
   Journal="International Journal of Hydrogen Energy",
   Volume=32,
   Pages="100-116",
   Year=2007} 

 @unpublished{SanMarchi2011,
  title= {Hydrogen-assisted deformation and fracture of austenitic stainless steels},
  author = {San Marchi, C. and Somerday, B.P. and Balch, D.K. and Jackson, H.F.},
  year = {2011},
  note= {2nd International Conference Engineering Against Fracture (ICEAF II), Mykonos, Greece}}

@Article{Satet2006,
   Author="Satet, R.L. and Hoffmann, M.J. and Cannon, R.M.",
   Title="Experimental evidence of the impact of rare-earth elements on particle growth and mechanical behavior of silicon nitride",
   Journal="Materials Science and Engineering A",
   Volume=422,
   Pages="66-76",
   Year=2006}

@MISC{Satet2006b,
   Author="Satet, R.L.",
   Howpublished = "Personal communication",
   Year = 2006}

@Article{Seidel1997,
   Author="Seidel, J. and R\text{\"{o}}del, J.",
   Title="Measurement of crack tip toughness in alumina as a function of grain size",
   Journal="Journal of American Ceramic Society",
   Volume=80,
   Pages="433-438",
   Year=1997}

@Article{Shang1989,
   Author="Shang, J.K. and Ritchie, R.O.",
   Title="Crack bridging by uncracked ligaments during fatigue-crack growth in \text{SiC}-reinforced aluminum-alloy composites",
   Journal="Metallurgical Transactions A",
   Volume="20A",
   Pages="897-908",
   Year=1989}

@Article{Somerday2009,
   Author="Somerday, B.P. and Dadfarnia, M. and Balch, D.K. and Nibur, K.A. and Cadden, C.H. and Sofronis, P.",
   Title="Hydrogen-assisted crack propagation in austenitic stainless steel fusion welds",
   Journal="Metallurgical and Materials Transactions A",
   Volume="40A",
   Pages="2350-2362",
   Year=2009}


@Article{Smith1986,
   Author="Smith, C.W. and Wiersma, S.J.",
   Title="Stress-fringe signatures for a propagating crack",
   Journal="Engineering Fracture Mechanics",
   Volume=23,
   Pages="229-236",
   Year=1986}

@Article{Steinbrech1983,
   Author="Steinbrech, R. and Knehans, R. and Schaarw\text{\"{a}}chter, W.",
   Title="Increase of crack resistance during slow crack growth in $\text{Al}_{\text{2}}\text{O}_{\text{3}}$ bend specimens",
   Journal="Acta Ma",
   Volume=18,
   Pages="265-270",
   Year=1983}

@Article{Sun1999,
   Author="Sun, E.Y. and Becher, P.F. and Hsueh, C.-H. and Painter, G.S. and Waters, S.B. and Hwang, S.-L. and Hoffmann, M.J.",
   Title="Debonding behavior between $\beta-\text{Si}_{\text{3}}\text{N}_{\text{4}}$ whiskers and oxynitride glasses with or without an epitaxial $\beta-\text{SiAlON}$ interfacial layer",
   Journal="Acta Materialia",
   Volume=47,
   Pages="2777-2785",
   Year=1999}

@Article{Swanson1987,
   Author="Swanson, P.L. and Fairbanks, C.J. and Lawn, B.R. and Mai, Y.-W. and Hockey, B.J.",
   Title="Crack-interface grain bridging as a fracture resistance mechanicsm in ceramics: \uppercase{I}, experimental study on alumina",
   Journal="Journal of the American Ceramic Society",
   Volume=70,
   Pages="279-289",
   Year=1987}

@Article{Swain1986,
   Author="Swain, M.V.",
   Title="R-curve behavior in a polycrystalline alumina material",
   Journal="Journal of Materials Science Letters",
   Volume=5,
   Pages="1313-1315",
   Year=1986}

@Article{Thouless1989,
   Author="Thouless, M.D. and Sbaizero, O. and Sigl, L.S. and Evans, A.G.",
   Title="Effect of interface mechanical properties on pullout in a \text{SiC}-fiber-reinforced lithium aluminum silicate glass-ceramic",
   Journal="Journal of the American Ceramic Society",
   Volume=72,
   Pages="525-532",
   Year=1989}

@Article{Tran2001,
   Author="Tran, D.K. and Kobayashi, A.S. and White, K.W.",
   Title="Crack growth in alumina at high temperature",
   Journal="Engineering Fracture Mechanics",
   Volume=68,
   Pages="149-161",
   Year=2001}

@Article{VanWeeren1996,
   Author="Van Weeren, R. and Danforth, S.C.",
   Title="The effect of grain boundary phase characteristics on the crack deflection behavior in a silicon nitride material",
   Journal="Scripta Materialia",
   Volume=384,
   Pages="1567-1573",
   Year=1996}

@Article{Vekinis1990,
   Author="Vekinis, G. and Ashby, M.F. and Beaumont, P.W.R.",
   Title="R-curve behavior of $\text{Al}_{\text{2}}\text{O}_{\text{3}}$ ceramics",
   Journal="Acta Materialia",
   Volume=38,
   Pages="1151-1162",
   Year=1990}

@Article{Wan1990,
   Author="Wan, K.T. and Lathabai, S. and Lawn, B.R.",
   Title="Crack velocity functions and thresholds in brittle solids",
   Journal="Journal of the European Ceramic Society",
   Volume=6,
   Pages="259-268",
   Year=1990}

@Article{Wan1992,
   Author="Wan, K.T. and Lawn, B.R. and Horn, R.G.",
   Title="Repulsive interaction between coplanar cracks in the
          double-cantilever geometry",
   Journal="Journal of Materials Research",
   Volume=7,
   Pages="1584-1588",
   Year=1992}

@Article{Wriedt1970,
   Author="Wriedt, H.A. and Oriani, R.A.",
   Title="Effect of tensile and compressive elastic stress on equilibrium hydrogen solubility in a solid",
   Journal="Acta Metallurgica",
   Volume=18,
   Pages="1584-1588",
   Year=1970}

@Incollection{Wilhelm1979,
   Author="Wilhelm, M. and Nageswararao, M. and Meyer, R.",
   Title="Factors influencing stage I crack propagation in age hardened alloys",
   Booktitle="Fatigue Mechanisms, STP 675",
   Editor="Fong, J.T.",
   Publisher="American Society for Testing and Materials",
   Pages="214-230",
   Year=1979}

@Article{Xu1995,
   Author="Xu, H.H.K. and Wei, L. and Padture, N.P. and Lawn, B.R. and Yeckley, R.L.",
   Title="Effect of microstructural coarsening on short-crack toughness properties of silicon nitride",
   Journal="Journal of Materials Science",
   Volume=30,
   Pages="869-878",
   Year=1995}

@Article{Yuan2001,
   Author="Yuan, G. and Feng, R. and Gupta, Y.M.",
   Title="Compression and shear wave measurements to characterize the shocked state in silicon carbide",
   Journal="Journal of Applied Physics",
   Volume=89,
   Pages="5372-5380",
   Year=2001}

@Article{Yuan2003,
   Author="Yuan, R. and Kruzic, J.J. and Zhang, X.F. and De Jonghe, L.C, and Ritchie, R.O.",
   Title="Ambient to high-temperature fracture toughness and cyclic fatigue behavior
   in $\text{A}$l-containing silicon carbide ceramics",
   Journal="Acta Materialia",
   Volume=51,
   Pages="6477-6491",
   Year=2003}

@Article{Yuse1993,
   Author="Yuse, A. and Sano, M.",
   Title="Transition between crack patterns in quenched glass plates",
   Journal="Nature",
   Volume=362,
   Pages="329-331",
   Year=1993}

@Article{Yuse1997,
   Author="Yuse, A. and Sano, M.",
   Title="Instabilities of quasi-static crack patterns in glass plates",
   Journal="Physica D",
   Volume=108,
   Pages="365-378",
   Year=1997}
