@TechReport{Aztecv11,
   Author = "Hutchinson, S.A. and Shadid, J.N. and Tuminaro, R.S.",
   Title  ="\textsf{Aztec} User's Guide Version 1.1",
   Number = "SAND95-1559",
   Institution = "Sandia National Laboratory",
   Year = "1995"}

@TechReport{SPOOLESv22,
   Author = "Ashcraft, C. and Pierce, D. and Wah, D.K. and Wu, J.",
   Title  ="The Reference Manual for \textbf{SPOOLES}, Release 2.2",
   Institution = "Boeing Shared Services Group",
   Year = "1999"}

@Article{Abraham1994,
   Author="Abraham, F.F. and Brodbeck, D. and Rafey, R.A. and Rudge, W.E.",
   Title="Instabilities dynamics of fracture: a computer simulation investigation",
   Journal="Physics Review Letters",
   Volume=73,
   Pages="272-275",
   Year=1994}

@Article{Abraham1997,
   Author="Abraham, F.F.",
   Title="On the transition from brittle to plastic failure in breaking a
          nanocrystal under tension \uppercase{(NUT)}",
   Journal="Europhysics Letters",
   Volume=38,
   Pages="103-106",
   Year=1997}

@Article{Abraham1998,
   Author="Abraham, F.F. and Broughton, J.Q. and
           Bernstein, N. and Kaxiras, E.",
   Title="Spanning the continuum to quantum length scales in a
          dynamic simulation of brittle fracture",
   Journal="Europhysics Letters",
   Volume=44,
   Pages="783-787",
   Year=1998}

 @TechReport{Adagio2011,
   Author = "$\text{SIERRA Solid Mechanics Team}$",
   Title  ="Adagio 4.20 Users's Guide",
   Number = "SAND2011-1825",
   Institution = "Sandia National Laboratory",
   Year = "2011"}

@Article{Aifantis1992,
   Author="Aifantis, E.C.",
   Title="On the role of gradients in the localization of deformation
          and fracture",
   Journal="International Journal of Engineering Science",
   Volume=30,
   Pages="1279-1299",
   Year=1992}

@Article{Allen1995,
   Author="Allen, D.H. and Costanzo, F.",
   Title="A continuum thermodynamic analysis of cohesive zone models",
   Journal="International Journal of Engineering Science",
   Volume=33,
   Pages="2197-2219",
   Year=1995}

@Article{Allen1999,
   Author="Yoon, C. and Allen, D.H.",
   Title="Damage Dependent Constitutive Behavior and Energy Release Rate
          for a Cohesive Zone in a Thermoviscoelastic Solid",
   Journal="International Journal of Fracture",
   Volume=96,
   Pages="55-74",
   Year=1999}

@Article{Armero1996,
   Author="Armero, F. and Garikipati, K.",
   Title="Analysis of strong discontinuities in multiplicative finite strain plasticity and their relation with numerical simulation of strain localization in solids",
   Journal="International Journal of Solids and Structures",
   Volume=33,
   Pages="2863-2885",
   Year=1996}

@TechReport{Aria2007,
   Author = "Notz, P.K. and Subia, S.R. and Hopkins, M.M. and Moffat, H.K. and Noble, D.R.",
   Title  ="Aria 1.5: User Manual",
   Number = "SAND2007-2734",
   Institution = "Sandia National Laboratory",
   Year = "2007"}

@Article{Anand2011,
   Author="Anand, L.",
   Title="A thermo-mechanically-coupled theory accounting for hydrogen diffusion and large elastic-viscoplastic deformations of metals",
   Journal="International Journal of Solids and Structures",
   Volume=48,
   Pages="962-971",
   Year=2011}

@Article{Anand2013,
   Author="Di Leo, C.V. and Anand, L.",
   Title="Hydrogen in metals: A coupled theory for species diffusion and large elastic-plastic deformations",
   Journal="International Journal of Plasticity",
   Volume=43,
   Pages="42-69",
   Year=2013}

@Article{Arata2000,
   Author="Arata, J.J.M. and Needleman, A. and Kumar, K.S. and Curtin, W.A.",
   Title="Microcrack nucleation and growth in elastic lamellar solids",
   Journal="International Journal of Fracture",
   Volume=105,
   Pages="321-342",
   Year=2000}

@Article{Arata2001,
   Author="Arata, J.J.M. and Kumar, K.S. and Curtin, W.A. and Needleman, A.",
   Title="Crack growth in lamellar titanium aluminide",
   Journal="International Journal of Fracture",
   Volume=111,
   Pages="163-189",
   Year=2001}

@Article{Arata2002,
   Author="Arata, J.J.M. and Kumar, K.S. and Curtin, W.A. and Needleman, A.",
   Title="Crack growth across colony boundaries in binary lamellar \text{TiAl}",
   Journal="Materials Science and Engineering",
   Volume="A329-331",
   Pages="532-537",
   Year=2002}

@Article{Armstrong2010,
   Author="Armstrong, R.W. and Zerilli, F.J.",
   Title="High rate straining of tantalum and copper",
   Journal="Journal of Physics D: Applied Physics",
   Volume="43",
   Pages="492002",
   Year=2010}

@Article{Balamane1992,
   Author="Balamane, H. and Halicioglu, T. and Tiller, W.A.",
   Title="Comparative study of silicon empirical potentials",
   Journal="Physical Review B",
   Volume=46,
   Pages="2250-2279",
   Year=1992}

@TechReport{Bammann1999,
   Author = "Bammann, D.J. and Mosher, D. and Hughes, D.A. and Moody, N.R. and Dawson, P.R.",
   Title  ="Using spatial gradients to model localization phenomena",
   Number = "SAND1999-8588",
   Institution = "Sandia National Laboratory",
   Year = "1999"}

@Article{Barenblatt1959,
   Author="Barenblatt, G.I.",
   Title="The formation of equilibrium cracks during brittle fracture:
          general ideas and hypotheses, axially symmetric cracks",
   Journal="Applied Mathematics and Mechanics (PMM)",
   Volume=23,
   Pages="622-636",
   Year=1959}

@Article{Barenblatt1962,
   Author="Barenblatt, G.I.",
   Title="The mathematical theory of equilibrium cracks in brittle fracture",
   Journal="Advances in Applied Mechanics",
   Volume=7,
   Pages="55-129",
   Year=1962}

@Article{Baskes1989,
   Author="Baskes,M.I. and Nelson, J.S. and Wright, A.F.",
   Title="Semiempirical modified embedded-atom  potentials for
          silicon and germanium",
   Journal="Physical Review B",
   Volume=40,
   Pages="6085-6100",
   Year=1989}

@Article{Baskes1992,
   Author="Baskes,M.I.",
   Title="Modified embedded-atom  potentials for cubic materials and impurities",
   Journal="Physical Review B",
   Volume=46,
   Pages="2727-2741",
   Year=1992}

@Article{Baskes1994,
   Author="Baskes,M.I. and Johnson, R.A.",
   Title="Modified embedded atom potentials for hcp metals",
   Journal="Modeling and Simulation in Materials Science and Engineering",
   Volume=2,
   Pages="147-163",
   Year=1994}

@Article{Bassani1992,
   Author="Bassani, J.L. and Vitek, V. and Alber, E.S.",
   Title="Atomic-level elastic properties of interfaces and their relation to continua",
   Journal="Acta Metallica Materiali",
   Volume=40,
   Pages="S307-S320",
   Year=1992}

@Article{Bazant1984,
   Author="Ba\v{z}ant, Z.P. and Belytschko, T. and Chang, T.P.",
   Title="Continuum theory for strain softening",
   Journal="Journal of Engineering Mechanics",
   Volume=110,
   Pages="1666-1692",
   Year=1984}

@Article{Bazant1987,
   Author="Pijaudier-Cabot, G. and Ba\v{z}ant, Z.P.",
   Title="Nonlocal damage theory",
   Journal="Journal of Engineering Mechanics",
   Volume=113,
   Pages="1512-1533",
   Year=1987}

@Article{Bazant1988,
   Author="Ba\v{z}ant, Z.P. and Pijaudier-Cabot, G.",
   Title="Nonlocal continuum damage, localization instability, and convergence",
   Journal="Journal of Applied Mechanics",
   Volume=55,
   Pages="287-293",
   Year=1988}

@Article{Bazant2002,
   Author="Ba\v{z}ant, Z.P. and Jir\'{a}sek, M.",
   Title="Nonlocal integral formulations of plasticity and damage: \uppercase{s}urvey of progress",
   Journal="Journal of Engineering Mechanics",
   Volume=128,
   Pages="1119-1149",
   Year=2002}

@Article{Bazant1995a,
   Author="Ba\v{z}ant, Z.P. and Li, Y.-N.",
   Title="Stability of cohesive crack model: part I - energy principles",
   Journal="Journal of Applied Mechanics",
   Volume=62,
   Pages="959-964",
   Year=1995}

@Article{Bazant1995b,
   Author="Ba\v{z}ant, Z.P. and Li, Y.-N.",
   Title="Stability of cohesive crack model: part II - eigenvalues analysis of size effect on
   strength and ductility of structures",
   Journal="Journal of Applied Mechanics",
   Volume=62,
   Pages="965-969",
   Year=1995}}

@Article{Becher1991,
   Author="Becher, P.F.",
   Title="Microstructural design of toughened ceramics",
   Journal="Journal of the American Ceramic Society",
   Volume=74,
   Pages="255-269",
   Year=1991}

@Article{Bennison1989,
   Author="Bennison, S.J. and Lawn, B.R.",
   Title="Role of interfacial grain-bridging sliding friction in the crack-resistance and strength properties of
   nontransforming ceramics",
   Journal="Acta Metallurgica",
   Volume=37,
   Pages="2659-2671",
   Year=1989}

@Incollection{Bilby1977,
   Author="Bilby, B.A. and Cardew, G.E. and Howard, I.C.",
   Title="Stress intensity factors at the tips of kinked and forked cracks",
   BookTitle="Fracture 1977 - Advances in research on the strength and fracture of materials",
   Editor="Taplin, D.M.R.",
   Volume=3,
   Pages="197-200",
   Publisher="Pergamon Press",
   Address="New York",
   Year=1977}

@Article{Born1940,
   Author="Born, M.",
   Title="On the stability of crystals, \textup{I}.",
   Journal="Proceedings of the Cambridge Philosophical Society",
   Volume=36,
   Pages="160-172",
   Year=1940}

@Book{Born1956,
   Author="Born, M. and Huang, K.",
   Title="Dynamical Theories of Crystal Lattices",
   Publisher="Clarendon",
   Address="Oxford",
   Year=1956}

@Article{Brown2010,
   Author="Brown, A.A. and Bammann, D.J.",
   Title="A model for static and dynamic recrystallization in metals",
   Journal="provisionally accepted to International Journal of Plasticity",
   Year=2010}

@Book{Broek1986,
   Author="Broek, D.",
   Title="Elementry Engineering Fracture Mechanics",
   Publisher="Kluwer",
   Address="Dordrecht",
   Year=1986}

@Article{Carpinteri1989,
   Author="Carpinteri, A. and Colombo, G.",
   Title="Numerical analysis of catastrophic softening behavior $\text{(}$snap-back instability$\text{)}$",
   Journal="Computers \& Structures",
   Volume=31,
   Pages="607-636",
   Year=1989}

@Article{Charalambides1989,
   Author="Charalambides, P.G. and Lund, J. and Evans, A.G. and McMeeking, R.M.",
   Title="A test specimen for determining the fracture resistance of bimaterial interfaces",
   Journal="Journal of Applied Mechanics",
   Volume=56,
   Pages="77-82",
   Year=1989}

@Article{Cheung1994,
   Author="Cheung, K.S. and Yip, S.",
   Title="A molecular dynamics simulation crack tip extension: the brittle-to-ductile
          transition",
   Journal="Modeling and Simulation in Materials Science and Engineering",
   Volume=2,
   Pages="856-892",
   Year=1994}

@Article{Chen1999,
   Author="Chen, E.P.",
   Title="Non-local effects on dynamic damage accumulation in brittle solids",
   Journal="International Journal for Numerical and Analytical
            Methods in Geomechanics",
   Volume=23,
   Pages="1-21",
   Year=1999}

@Article{Chantikul1990,
   Author="Chantikul, P. and Bennison, S.J. and Lawn, B.R.",
   Title="Role of grain size in the strength and \text{R}-curve properties of alumina",
   Journal="The Journal of the American Ceramic Society",
   Volume=73,
   Pages="2419-2427",
   Year=1990}

@Article{Cocks1980,
   Author="Cocks, A.C.F and Ashby, M.F.",
   Title="Intergranular fracture during power-law creep under multiaxial stresses",
   Journal="Metal Science",
   Volume=14,
   Pages="395-402",
   Year=1980}

@Article{Costanzo1997,
   Author="Costanzo, F and Walton, J.R.",
   Title="A Study of Dynamic Crack Growth in Elastic Materials
          Using a Cohesive Zone Model",
   Journal="International Journal of Engineering Sciences",
   Volume=35,
   Pages="1085-1114",
   Year=1997}

@UNPUBLISHED{Chiesa2010,
  AUTHOR = "Chiesa, M",
  NOTE = "Personal communications",
  Year = 2010}

@Article{Coleman1967,
   Author="Coleman, B.D. and Gurtin, M.E.",
   Title="Thermodynamics with Internal State Variables",
   Journal="The Journal of Chemical Physics",
   Volume=47,
   Pages="597-613",
   Year=1967}

@Article{Cotterell1980,
   Author="Cotterell, B. and Rice, J.R.",
   Title="Slightly curved or kinked cracks",
   Journal="International Journal of Fracture",
   Volume=16,
   Pages="155-169",
   Year=1980}

@Article{Daw1984,
   Author="Daw, M.S. and Baskes, M.",
   Title="Embedded atom method:derivation and application to impurities, surfaces, and
          other defects in metals",
   Journal="Physical Review B",
   Volume=29,
   Pages="6443-6453",
   Year=1984}

@Article{deBorst1996,
   Author="Peerlings, R.H.J. and de Borst, R. and Brekelmans, W.A.M. and de Vree, J.H.P.",
   Title="Gradient-enhanced damage for quasi-brittle materials",
   Journal="International Journal for Numerical Methods in Engineering",
   Volume=39,
   Pages="3391-3403",
   Year=1996}

@Article{deBorst1998,
   Author="Geers, M.G.D. and de Borst, R. and Brekelmans, W.A.M. and Peerlings, R.H.J.",
   Title="Strain-based transient-gradient damage model for failure analysis",
   Journal="Computer Methods in Applied Mechanics and Engineering",
   Volume=160,
   Pages="133-153",
   Year=1998}

@Inbook{deBorst2004,
   Author="de Borst, R.",
   Editor="Stein, E. and de Borst, R. and Hughes, T.J.R.",
   Title="Encyclopedia of Compuational Mechanics",
   Chapter="Damage, Material Instabilities, and Failure",
   Publisher="John Wiley \& Sons, Ltd.",
   Address="New York",
   Year=2004}

@Article{Du1999,
   Author="Du, Q. and Gunzburger, M.",
   Title="Centroidal \uppercase{v}oronoi tessellations: \uppercase{a}pplications and algorithms",
   Journal="SIAM Review",
   Volume=41,
   Pages="637-676",
   Year=1999}

@Article{Dugdale1960,
   Author="Dugdale, D.S.",
   Title="Yielding of steel sheets containing slits",
   Journal="Journal of the Mechanics and Physics of Solids",
   Volume=8,
   Pages="100-104",
   Year=1960}

@Article{Ercolessi1994,
   Author="Ercolessi, F. and Adams, J.B.",
   Title="Interatomic potentials from first-principals calculations:
          the force-matching method",
   Journal="Europhysics Letters",
   Volume=28,
   Pages="583-588",
   Year=1994}

@Article{Erdogan1963,
   Author="Erdogan, F. and Sih, G.C.",
   Title="On the crack extension in plates under plane loading
          and transverse shear",
   Journal="ASME Journal of Basic Engineering",
   Volume=85,
   Pages="519-527",
   Year=1963}

@Article{Eshelby1951,
   Author="Eshelby, J.D.",
   Title="The force on an elastic singularity",
   Journal="Philosophical Transactions of the Royal Society of London",
   Volume="A244",
   Pages="87-112",
   Year=1951}

@Book{Eshelby1970,
   Author="Eshelby, J.D.",
   Title="Inelastic behavior of solids",
   Publisher="McGraw-Hill",
   Address="New York",
   Year=1970}

@Article{Espinosa2003a,
   Author="Espinosa, H.D. and Zavattieri, P.D.",
   Title="A grain level model for the study of failure initiation and evolution in polycrystalline brittle materials.
   \uppercase{P}art \text{I}:  theory and numerical implementation",
   Journal="Mechanics of Materials",
   Volume=35,
   Pages="323-364",
   Year=2003}

@Article{Espinosa2003b,
   Author="Espinosa, H.D. and Zavattieri, P.D.",
   Title="A grain level model for the study of failure initiation and evolution in polycrystalline brittle materials.
   \uppercase{P}art \text{II}:  numerical examples",
   Journal="Mechanics of Materials",
   Volume=35,
   Pages="365-394",
   Year=2003}

@Article{Evans1989,
   Author="Evans, A.G.",
   Title="High toughness ceramics",
   Journal="Materials Science and Engineering",
   Volume="A105-106",
   Pages="65-75",
   Year=1989}

@Article{Evans1990,
   Author="Evans, A.G.",
   Title="Perspective on the development of high-toughness ceramics",
   Journal="Journal of the American Ceramic Society",
   Volume=73,
   Pages="187-206",
   Year=1990}

@Article{Faber1983a,
   Author="Faber, K.T. and Evans, A.G.",
   Title="Crack deflection processes. \text{I}. Theory",
   Journal="Acta Metallurgica",
   Volume=31,
   Pages="577-584",
   Year=1983}

@Article{Falk2001,
   Author="Falk, M.L. and Needleman, A. and Rice, J.R.",
   Title="A critical evaluation of dynamic fracture simulations using cohesive surfaces",
   Journal="Journal de Physique IV",
   Year=2001,
   Note="in press"}

@Article{Fett2002,
   Author="Fett, T.",
   Title="Crack-tip toughness from wide-range COD measurements",
   Journal="International Journal of Fracture",
   Volume=114,
   Pages="L29-L32",
   Year=2002}

@Article{Fett2005,
   Author="Fett, T. and Munz, D. and Njiwa, A.B.K. and Rodel, J. and Quinn, G.D.",
   Title="Bridging stresses in sintered reaction-bonded $\text{Si}_{\text{3}}\text{N}_{\text{4}}$ from COD measurements",
   Journal="Journal of the European Ceramic Society",
   Volume=25,
   Pages="29-36",
   Year=1993}

@Article{Fleck1997,
   Author="Fleck, N.A. and Hutchinson, J.W.",
   Title="Strain gradient plasticity",
   Journal="Advances in applied mechanics",
   Volume=33,
   Pages="295-361",
   Year=1997}

@Article{Foulk2007,
   Author="Foulk III, J.W. and Cannon, R.M. and Johnson, G.C. and Klein, P.A. and Ritchie, R.O.",
   Title="A micromechanical basis for partitioning the evolution of grain bridging in brittle materials",
   Journal="Journal of the Mechanics and Physics of Solids",
   Volume=55,
   Pages="719-743",
   Year=2007}

@Article{Foulk2008,
   Author="Foulk III, J.W. and Johnson, G.C. and Klein, P.A. and Ritchie, R.O.",
   Title="On the toughening of brittle materials by grain bridging: promoting intergranular
   fracture through grain angle, strength, and toughness",
   Journal="Journal of the Mechanics and Physics of Solids",
   Volume=56,
   Pages="2381-2400",
   Year=2008}
   
  @Article{Foulk2008,
   Author="Foulk III, J.W. and Johnson, G.C. and Klein, P.A. and Ritchie, R.O.",
   Title="On the toughening of brittle materials by grain bridging: promoting intergranular
   fracture through grain angle, strength, and toughness",
   Journal="Journal of the Mechanics and Physics of Solids",
   Volume=56,
   Pages="2381-2400",
   Year=2008} 
   
   @Article{Foulk2010,
   Author="Foulk III, J.W.",
   Title="An examination of stability in cohesive zone modeling",
   Journal="Computer Methods in Applied Mechanics and Engineering",
   Volume=199,
   Pages="465-470",
   Year=2010} 

   @Article{Foulk2014,
   Author="Foulk III, J.W. and Sun, W. and Wagner, G.J. and Ostien, J.T. and Mota, A.",
   Title="Finite-deformation diffusion of hydrogen in stainless steel alloys",
   Journal="submitted to the International Journal of Numerical Methods in Engineering ",
   Year=2014} 

@phdthesis{Fox1990,
   Author="Fox, D.D.",
   Title="A geometrically exact shell theory",
   School="Stanford University",
   Year=1990}

@Book{Freund1990,
   Author="Freund, B.",
   Title="Dynamic Fracture Mechanics",
   Publisher="Cambridge University Press",
   Address="New York",
   Year=1990}

@Incollection{Gangloff2007,
   Author="Gangloff, R.P.",
   Title="Critical issues in hydrogen assisted cracking of structural alloys",
   Booktitle="Environment-Induced Cracking of Materials",
   Editor="Shipilov, S.A. and Jones, R.H. and Olive, J.-M. and Rebak, R.B.",
   Publisher="Elsevier",
   Volume=1,
   Pages="141-165",
   Year=2007}

@Article{Gao1992,
   Author="Gao, H. and Chiu, C.-H.",
   Title="Slightly curved or kinked cracks in anisotropic
   elastic solids",
   Journal="Journal of the Mechanics and Physics of Solids",
   Volume=29,
   Pages="947-972",
   Year=1992}

@Article{Gao1993,
   Author="Gao, H.",
   Title="Surface roughening and branching instabilities in dynamic fracture",
   Journal="Journal of the Mechanics and Physics of Solids",
   Volume=41,
   Pages="457-486",
   Year=1993}

@Article{Gao1996,
   Author="Gao, H.",
   Title="A theory of local limiting speed in dynamic fracture",
   Journal="Journal of the Mechanics and Physics of Solids",
   Volume=44,
   Pages="1453-1474",
   Year=1996}

@Article{Gao1997,
   Author="Gao, H.",
   Title="Elastic waves in a hyperelastic solid near its plane strain equibiaxial cohesive limit",
   Journal="Philosophical Magazine Letters",
   Volume=76,
   Pages="307-314",
   Year=1997}

@Article{Gao1998,
   Author="Gao, H. and Klein, P.A.",
   Title="Numerical simulation of crack growth in an isotropic solid with randomized internal
          cohesive bonds",
   Journal="Journal of the Mechanics and Physics of Solids",
   Volume=46,
   Pages="187-218",
   Year=1998}

@Article{Gao1999,
   Author="Gao, H. and Huang, Y. and Nix, W.D. and Hutchinson, J.W.",
   Title="Mechanism-based strain gradient plasticity : I. Theory",
   Journal="Journal of the Mechanics and Physics of Solids",
   Volume=47,
   Pages="1239-1263",
   Year=1999}

@InProceedings{Gao2000a,
   Author="Gao, H. and Vainchtein, A. and Klein, P.A.
           and Chen, E.P.",
   Title="Introducing a length scale into modeling of fracture
          via a strain-gradient elasticity theory",
   BookTitle="Advances in Computational Engineering and Sciences",
   Organization="International Conferences on Computational
                  Engineering and Sciences",
   Editor="Atluri, S.N. and Brust, F.W.",
   Pages="1766-1771",
   Year=2000}

@Article{Garikipati1998,
   Author="Garikipati, K. and Hughes, T.J.R.",
   Title="A study of strain localization in a multiple scale framework:
          the one-dimensional problem",
   Journal="Computer Methods in Applied Mechanics and Engineering",
   Volume=159,
   Pages="193-222",
   Year=1998}

@Article{Garikipati1999,
   Author="Garikipati, K. and Hughes, T.J.R.",
   Title="A variational multiscale approach to strain localization---
          formulation for multidimensional problems",
   Journal="Computer Methods in Applied Mechanics and Engineering",
   Comment="to appear",
      Year=1999}

@Book{Gill1981,
   Author="Gill, E.P. and Murray, W. and Wright, M.H.",
   Title="Practical Optimization",
   Publisher="Academic Press",
   Address="New York",
   Year=1981}

@Article{Girifalco1959,
   Author="Girifalco, L.A. and Weizer, V.G.",
   Title="Application of the \uppercase{m}orse Potential Function to Cubic Metals",
   Journal="Physical Review",
   Volume=114,
   Pages="687-690",
   Year=1959}

@Article{Griffith1922,
   Author="Griffith, A.A.",
   Title="The phenomena of rupture and flow in solids",
   Journal="Philosophical Transactions of the Royal Society of London",
   Volume=A221,
   Pages="163-198",
   Year=1922}

@Article{Grujicic1999,
   Author="Grujicic, M. and Zhang, Y.",
   Title="Crystal plasticity analysis of the effect of dispersed $\beta$-phase on
          deformation and fracture of lamellar $\gamma+\alpha_{2}$ titanium aluminide",
   Journal="Materials Science and Engineering",
   Volume="A265",
   Pages="285-300",
   Year=1999}

@Article{Grujicic2002,
   Author="Grujicic, M. and Cao, G.",
   Title="Crack growth in lamellar titanium aluminides containing beta phase precipitates",
   Journal="Journal of Materials Science",
   Volume=37,
   Pages="2949-2963",
   Year=2002}

@Article{Gurson1977,
   Author="Gurson, A.L.",
   Title="Continuum theory of ductile rupture by void nucleation and
          growth: \uppercase{Part I}",
   Journal="Journal of Engineering Materials and Technology",
   Volume="99",
   Pages="2-15",
   Year=1977}

@Article{Guo1999,
   Author="Guo, Z.K. and Kobayashi, A.S. and Hay, J.C. and White, K.W.",
   Title="Fracture process zone modeling of monolithic $\text{Al}_{\text{2}}\text{O}_{\text{3}}$",
   Journal="Engineering Fracture Mechanics",
   Volume="63",
   Pages="115-129",
   Year=1999}
   
 @Book{HKS2007,
   Author="HKS",
   Title="ABAQUS Version 6.7, Theory Manual",
   Publisher="Hibbitt, Karlsson and Sorensen",
   Address="Providence, RI:",
   Year=2007}
   
@Article{Hsueh1988,
   Author="Hsueh, C.-H. and Becher, P.F.",
   Title="Evaluation of bridging stress from R-curve behavior for nontrasforming ceramics",
   Journal="Journal of American Ceramic Society",
   Volume=71,
   Pages="C234-237",
   Year=1988}

@Article{He1989,
   Author="He, M.-Y. and Hutchinson, J.W.",
   Title="Kinking of a crack out of an interface",
   Journal="Journal of Applied Mechanics",
   Volume=56,
   Pages="270-278",
   Year=1989}

@Article{Helms1999,
   Author="Helms, K.L.E. and Allen, D.H. and Hurtado, L.D.",
   Title="A model for predicting grain boundary cracking in polycrystalline viscoplastic materials including scale effects",
   Journal="International Journal of Fracture",
   Volume=95,
   Pages="175-194",
   Year=1999}

@InProceedings{Hill2000,
   Author="Hill, J.C. and Foulk, J.W. and Klein, P.A. and Chen, E.P.",
   Title="A three-dimensional validation of crack curvature in
          muscovite mica",
   BookTitle="Proceedings of the 10th International Conference of IACMAG",
   Year=2000}
   
@Article{Hill1948,
   Author="Hill, R.",
   Title="A theory of the yielding and plastic flow of anisotropic metals",
   Journal="Proceedings of the Royal Society of London",
   Volume=A193,
   Pages="281-297",
   Year=1948}   

@Article{Hill1962,
   Author="Hill, R.",
   Title="Acceleration waves in solids",
   Journal="Journal of the Mechanics and Physics of Solids",
   Volume=10,
   Pages="1-16",
   Year=1962}

@Article{Hill1975,
   Author="Hill, R.",
   Title="On the elasticity and stability of perfect crystals at finite strain",
   Journal="Mathematical Proceedings of the Cambridge Philosophical Society",
   Volume=77,
   Pages="225-240",
   Year=1975}

@Article{Hill1977,
   Author="Hill, R. and Milstein, F.",
   Title="Principles of stability analysis of ideal crystals",
   Journal="Physical Review B",
   Volume=15,
   Pages="3807-3096",
   Year=1977}

@Article{Holian1997,
   Author="Holian, B.L. and Blumenfeld, R. and Gumbsch, P.",
   Title="An \uppercase{E}instein model of brittle crack propagation",
   Journal="Physical Review Letters",
   Volume=78,
   Pages="78-81",
   Year=1997}

@Article{Huang1950,
   Author="Huang, K.",
   Title="On the atomic theory of elasticity",
   Journal="Proceedings of the Royal Society of London",
   Volume="A203",
   Pages="178-194",
   Year=1950}

@Article{Hughes1980,
   Author="Hughes, T.J.R",
   Title="Generalization of selective integration proceedures to anisotropic and non-linear media",
   Journal="International Journal for Numerical Methods in Engineering",
   Volume="15",
   Pages="1413-1418",
   Year=1980}

@Book{Hughes1987,
   Author="Hughes, T.J.R.",
   Title="The Finite Element Method",
   Publisher="Prentice-Hall, Inc.",
   Address="Englewood Cliffs, New Jersey",
   Year=1987}

@Article{Hughes1998,
   Author="Stewart, J.R. and Hughes, T.J.R.",
   Title="A tutorial in elementary finite element error analysis: A
          systematic presentation of a priori and a posteriori error
          estimates",
   Journal="Computer Methods in Applied Mechanics and Engineering",
   Volume="158",
   Pages="1-22",
   Year=1998}

@Article{Hulbert1996,
   Author="Hulbert, G.M. and Chung, J.",
   Title="Explicit time integration algorithms for structural dynamics with optimal numerical dissipation",
   Journal="Computer Methods in Applied Mechanics and Engineering",
   Volume="137",
   Pages="175-188",
   Year=1996}

@Article{Hussain1974,
   Author="Hussain, M.A. and Pu, S.L. and Underwood, J.H.",
   Title="Strain energy release rate for a crack under combined
          Mode I and Mode II",
   Journal="ASTM STP",
   Volume=560,
   Year=1974}

@Article{Hutchinson1991,
   Author="Hutchinson, J.W. and Suo, Z.",
   Title="Mixed mode cracking in layered materials",
   Journal="Advances in Applied Mechanics",
   Volume=29,
   Pages="63-187",
   Year=1991}

@Article{Irwin1956,
   Author="Irwin, G.R.",
   Title="Onset of fast crack propagation in high strength steel and
          aluminum alloys",
   Journal="Sagamore Research Conference Proceedings",
   Volume="2",
   Pages="289-305",
   Year=1956}

@Article{Irwin1957,
   Author="Irwin, G.R.",
   Title="Analysis of stresses and strains near the end of a crack
          traversing a plate",
   Journal="Journal of Applied Mechanics",
   Volume="24",
   Pages="361-364",
   Year=1957}

@Article{Jirasek1998,
   Author="Jir\'{a}sek, M. and Zimmermann, T.",
   Title="Rotating crack model with transition to scalar damage",
   Journal="Journal of Engineering Mechanics",
   Volume="124",
   Pages="277-284",
   Year=1998}

@Article{Kachanov1992,
   Author="Kachanov, M.",
   Title="Effective elastic properties of cracked solids:
          critical review of some basic concepts",
   Journal="Applied Mechanics Reviews",
   Volume="45",
   Pages="304-335",
   Year=1992}

@Article{Kamins1997,
   Author="Kamins, T.I. and Williams, R.S.",
   Title="Lithographic  positioning of self-assembled \textup{Ge} islands
          on \textup{Si(100)}",
   Journal="Applied Physics Letters",
   Volume="71",
   Pages="1201-1203",
   Year=1997}

@Article{Keegstra1976,
   Author="Keegstra, P.N.R.",
   Title="A transient finite element crack propagation method for nuclear
          pressure vessels steels",
   Journal="Journal of the Institution of Nuclear Engineers",
   Volume="17",
   Pages="89-96",
   Year=1976}

@Article{Kiang1996,
   Author="Kiang, M.-H. and Solgaard, O. and Muller, R.S. and Lau, K.Y.",
   Title="Silicon-micromachined micromirrors integrated with high-precision
          actuators for external-cavity semiconductor lasers",
   Journal="IEEE Photonics Technology Letters",
   Volume="8",
   Pages="95-97",
   Year=1996}

@Article{Kikuchi2005,
   Author="Kikuchi, H. and Kalia, R.K. and Branicio, P.S. and Shimojo, F.",
   Title="Brittle dynamic fracture of crystalline cubic silicon carbide ($3\text{C}$-$\text{SiC}$)
   via molecular dynamics simulation",
   Journal="Journal of Applied Physics",
   Volume=98,
   Pages="103524",
   Year=2005}

@Article{King2005,
   Author="King, M.J. and Jearanaisilawong, P. and Socrate, S.",
   Title="A continuum model  for the mechanical behavior of woven fabrics",
   Journal="International Journal of Solids and Structures",
   Volume="42",
   Pages="3867-3896",
   Year=2005}

@Article{Klaassen1995,
   Author="Klaassen, E.H. and Petersen, K. and Noworolski, J.M. and
           Logan, J. and Maluf, N.I. and Brown, J. and Storment, C. and
           McCulley, W. and Kovacs, G.T.A.",
   Title="Silicon fusion bonding and deep reactive ion etching; a new technology for microstructures",
   Journal="Digest of Technical Papers from Transducers '95/Eurosensors IX",
      Volume="1",
   Pages="25-29",
   Year=1995}

@Article{Klein1998,
   Author="Klein, P. and Gao, H.",
   Title="Crack nucleation and growth as strain localization in a virtual-bond continuum",
   Journal="Engineering Fracture Mechanics",
   Volume="61",
   Pages="21-48",
   Year=1998}

@phdthesis{Klein1999,
   Author="Klein, P.A.",
   Title="A Virtual Internal Bond Approach to Modeling Crack Nucleation and Growth",
   School="Stanford University",
   Year=1999}

@Incollection{Klein2000,
   Author="Klein, P.A. and Gao, H.",
   Title="Study of Crack Dynamics using the \uppercase{v}irtual
          \uppercase{i}nternal \uppercase{b}ond model",
   Booktitle="James R. Rice 60\textsuperscript{th} Anniversary Volume
              of Solid Mechanics and its Applications",
   Editor="Gladwell, G.M.L.",
   Publisher="Kluwer Academic Publishers",
   Note="in press"}

   @Article{Klein2001,
   Author="Klein, P.A. and Foulk, J.W. and Chen, E.P. and Wimmer, S.A. and Gao, H.J.",
   Title="Physics-based modeling of brittle fracture:  cohesive formulations and the application of meshfree methods",
   Journal="Theoretical and Applied Fracture Mechanics",
   Volume="37",
   Pages="99-166",
   Year=2001}

@Article{Knowles1977,
   Author="Knowles, J.K.",
   Title="The finite anti-phase shear field near the tip of a crack for a class
          of compressible solid",
   Journal="International Journal of Fracture",
   Volume="13",
   Pages="611-639",
   Year=1977}

@Article{Knowles1983,
   Author="Knowles, J.K. and Sternberg, E.",
   Title="Large deformation near a tip of an interfacial crack between two
          neo-\uppercase{h}ookean sheets",
   Journal="Journal of Elasticity",
   Volume="13",
   Pages="257-293",
   Year=1983}

@Article{Kobayashi1976,
   Author="Kobayashi, A.S. and Emery, A.F. and Mall, S.",
   Title="Dynamic finite element and photoelastic analyses of two
          fracture \uppercase{H}omalite-100 plates",
   Journal="Experimental Mechanics",
   Volume="16",
   Pages="321-328",
   Year=1976}

@Book{Kunin1982,
   Author="Kunin, A.I.",
   Title="Elastic Media with Microstructure",
   Publisher="Springer-Verlag",
   Address="New York",
   Year=1982}

@Article{Kohlhoff1991,
   Author="Kohlhoff, S. and Gumbsch, P. and Fischmeister, H.F.",
   Title="Crack propagation in BCC crystals studied with a combined finite element
          and atomistic model",
   Journal="Philosophical Magazine A",
   Volume="64",
   Pages="851-878",
   Year=1991}

@Article{Kovalev1999,
   Author="Kovalev, S. and Miyajima, T. and Yamauchi, Y.",
   Title="Micromechanics of crack bridging by elongated crystals in self-reinforced ceramic materials",
   Journal="Key Engineeering Materials",
   Volume="161-163",
   Pages="615-618",
   Year=1999}

@Article{Kovalev2000,
   Author="Kovalev, S. and Miyajima, T. and Yamauchi, Y. and Sakai, M.",
   Title="Numerical evaluation of toughening by crack-face grain interlocking in
   self-reinforced ceramics",
   Journal="Journal of the American Ceramic Society",
   Volume="83",
   Pages="817-824",
   Year=2000}

@PHDTHESIS{Krom1998,
  Author = "Krom, A.H.M.",
  Title=  "Numerical modeling of hydrogen transport in steel",
  School = "Delft University",
  Address= "Delft, The Netherlands",
  Year =   1998}

@InProceedings{Lane1997,
   Author="Lane, M. and Ware, R. and Voss, S. and Ma, Q. and Fujimoto, H. and
           Dauskardt, R.H.",
   Title="Progressive debonding in multilayer interconnect structures",
   BookTitle="Proceedings of the 1997 MRS Spring Symposium",
   Series="Materials Reliability in Microelectronics",
   Organization="Materials Research Society",
   Volume="473",
   Pages="21-26",
   Year=1997}

@Article{Larsson1995,
   Author="Larsson, R.",
   Title="A generalized fictitious crack model based on plastic localization
          and discontinuous approximation",
   Journal="International Journal of Numerical Methods in Engineering",
   Volume="38",
   Pages="3167-3188",
   Year=1995}

@Article{Lathabai1989,
   Author="Lathabai, S. and Lawn, B.R.",
   Title="Fatigue limits in noncyclic loading of ceramics with crack-resistance curves",
   Journal="Journal of Materials Science",
   Volume="24",
   Pages="4298-4306",
   Year=1989}

@Article{Lee1993,
   Author="Lee, N.S. and Bathe, K.J.",
   Title="Error indicators and adaptive remeshing in large deformation
          finite element analysis",
   Journal="Finite Elements in Analysis and Design",
   Volume="16",
   Pages="99-139",
   Year=1993}

@Article{Lee1999,
   Author="Lee, Y. and Prakash, V.",
   Title="Dynamic Brittle Fracture of High Strength Structural
          Steels under Conditions of Plane Strain",
   Journal="International Journal of Solids and Structures",
   Volume="36",
   Pages="3293-3337",
   Year=1999}
   
  @Article{Li1985,
   Author="Li, F.Z. and Shih, C.F. and Needleman, A.",
   Title="A Comparison of Methods for Calculating Energy Release Rates.",
   Journal="Engineering Fracture Mechanics",
   Volume="21",
   Pages="405-421",
   Year=1985}
   
@Article{Lo1978,
   Author="Lo, K.K.",
   Title="Analysis of branched cracks",
   Journal="Journal of Applied Mechanics",
   Volume="45",
   Pages="797-802",
   Year=1978}

@Book{Luenberger1984,
   Author="Luenberger, D.G",
   Title="Linear and nonlinear programming",
   Publisher="Addison-Wesley Publishing Company, Inc.",
   Address="Reading, Massachusetts",
   Year=1984}

@Article{Ma1997a,
   Author="Ma, Q.",
   Title="A four-point bending technique for studying subcritical crack
          growth in thin films and at interfaces",
   Journal="Journal of the Materials Research Society",
   Volume="12",
   Pages="840-845",
   Year=1997}

@InProceedings{Ma1997b,
   Author="Ma, Q. and Bumgarner, J. and Fujimoto, H. and Dauskardt, R.H.",
   Title="Adhesion measurement of interfaces in multilayer interconnect structures",
   BookTitle="Proceedings of the 1997 MRS Spring Symposium",
   Series="Materials Reliability in Microelectronics",
   Organization="Materials Research Society",
   Volume="473",
   Pages="3-14",
   Year=1997}

@Article{Mai1987,
   Author="Mai, Y.-W. and Lawn, B.R.",
   Title="Crack-interface grain bridging as a fracture resistance mechanism in ceramics: \text{II}, theoretical fracture mechanics model",
   Journal="Journal of the American Ceramic Society",
   Volume=70,
   Pages="289-294",
   Year=1987}

@Article{Mai2002,
   Author="Mai, Y.-W.",
   Title="Cohesive zone and crack-resistance (\text{R})-curve of cementitious materials and their
   fibre-reinforced composites",
   Journal="Engineering Fracture Mechanics",
   Volume=69,
   Pages="219-234",
   Year=2002}

@Article{Maiti2004,
   Author="Maiti, S. and Geubelle, P.H.",
   Title="Mesoscale modeling of dynamic fracture of ceramic materials",
   Journal="Computer Modeling in Engineering and Sciences",
   Volume=5,
   Pages="91-101",
   Year=2004}

@Article{Maiti2005,
   Author="Maiti, S. and Rangaswamy, K. and Geubelle, P.H.",
   Title="Mesoscale analysis of dynamic fragmentation of ceramics under tension",
   Journal="Acta Materialia",
   Volume=53,
   Pages="823-834",
   Year=2005}

@Article{Maiti2005b,
   Author="Maiti, S. and Geubelle, P.H.",
   Title="A cohesive model for fatigue failure in polymers",
   Journal="Engineering Fracture Mechanics",
   Volume=72,
   Pages="691-708",
   Year=2005}

@Article{Maugin1979,
   Author="Maugin, G.A.",
   Title="Nonlocal theories or gradient-type theories: a matter of convenience?",
   Journal="Archives of Mechanics",
   Volume=31,
   Pages="15-26",
   Year=1979}
 
@Book{Maugin1993,
   Author="Maugin, G.A.",
   Title="Material Inhomogeneities in Elasticity",
   Publisher="Chapman \& Hall/CRC",
   Address="New York",
   Year=1993} 

@TechReport{Marin2006,
   Author = "Marin, E.B",
   Title  ="On the Formulation of a Crystal Plasticity Model",
   Number = "SAND2006-4170",
   Institution = "Sandia National Laboratories",
   Year = "2006"}

@Book{Marsden1983,
   Author="Marsden, J. E. and Hughes, T. J. R.",
   Title="Mathematical Foundations of Elasticity",
   Publisher="Dover Publications, Inc.",
   Address="New York",
   Year=1983}

@Article{Marshall1988a,
   Author="Marshall, D.B. and Evans, A.G.",
   Title="The influence of residual stress on the toughness of reinforced brittle materials",
   Journal="Materials Forum",
   Volume=11,
   Pages="304-312",
   Year=1988}

@Book{Meyers1994,
   Author="Meyers, M.A.",
   Title="Dynamic Behavior of Materials",
   Publisher="John Wiley \& Sons, Inc.",
   Address="New York",
   Year=1994}

@Article{McClintock1978,
   Author="McClintock, F.A. and Zaveral, F.",
   Title="An analysis of the mechanics and statistics of brittle crack initiation",
   Journal="International Journal of Fracture",
   Volume=25,
   Pages="107-118",
   Year=1978}

@Article{McElhaney1998,
   Author="McElhaney, K.W. and Vlassak, J.J. and Nix, W.D.",
   Title="Determination of indenter tip geometry and indentation contact
          area for depth-sensing indentation experiments",
   Journal="Journal of the Materials Research Society",
   Volume=13,
   Pages="387-418",
   Year=1998}
   
  @Article{Meyerhenke2009,
   Author="Meyerhenke, H. and Monien, B. and Sauerwald, T.",
   Title="A new diffusion-based multilevel algorithm for computing graph partitions",
   Journal="Journal of Parallel Distributed Computing",
   Volume=69,
   Pages="750-761",
   Year=2009} 

@Article{Miehe1999a,
   Author="Miehe, C. and Schroder, J. and Schotte, J.",
   Title="Computational homogenization analysis in finite plasticity:
          simulation of texture development in polycrystalline materials",
   Journal="Computer Methods in Applied Mechanics and Engineering",
   Volume=13,
   Pages="387-418",
   Year=1999}

@Article{Miehe1999b,
   Author="Miehe, C. and Schroder, J. and Schotte, J.",
   Title="Finite Element Analysis of Localized Failure in Strain - Softening Solids
          Based on an Assumed Fluctuation Mode on a Micro-Structure",
   Journal="Computer Methods in Applied Mechanics and Engineering",
   Comment="submitted for publication",
   Year=1999}

@Article{Milstein1977,
   Author="Milstein, F. and Hill, R.",
   Title="Theoretical properties of cubic crystals at arbitrary pressure---\uppercase{I}.
          density and bulk modulus",
   Journal="Journal of the Mechanics and Physics of Solids",
   Volume=25,
   Pages="457-477",
   Year=1977}

@Article{Milstein1978,
   Author="Milstein, F. and Hill, R.",
   Title="Theoretical properties of cubic crystals at arbitrary pressure---\uppercase{II}.
          shear moduli",
   Journal="Journal of the Mechanics and Physics of Solids",
   Volume=26,
   Pages="213-239",
   Year=1978}

@Article{Milstein1978A,
   Author="Milstein, F. and Huang, K.",
   Title="Theory of the response of an fcc crystal to \textup{[110]} uniaxial loading",
   Journal="Physical Review B",
   Volume=18,
   Pages="2529-2541",
   Year=1978}

@Article{Milstein1979,
   Author="Milstein, F. and Hill, R.",
   Title="Theoretical properties of cubic crystals at arbitrary pressure---\uppercase{III}.
          stability",
   Journal="Journal of the Mechanics and Physics of Solids",
   Volume=27,
   Pages="255-279",
   Year=1979}

@Article{Milstein1980,
   Author="Milstein, F.",
   Title="Review: theoretical elastic behavior at large strains",
   Journal="Journal of Materials Science",
   Volume=15,
   Pages="1071-1084",
   Year=1980}

@Article{Milstein1980A,
   Author="Milstein, F. and Hill, R. and Huang, K.",
   Title="Theory of the response of cubic crystals to \textup{[111]} loading",
   Journal="Physical Review B",
   Volume=21,
   Pages="4282-4291",
   Year=1980}

@Article{Milstein1980B,
   Author="Milstein, F. and Farber, B.",
   Title="A theoretical fcc $\rightarrow$ bcc transition under \textup{[100]} tensile loading",
   Journal="Physics Review Letters",
   Volume=44,
   Pages="277-280",
   Year=1980}

@Incollection{Milstein1982,
   Author="Milstein, F.",
   Title="Crystal Elasticity",
   Booktitle="Mechanics of Solids",
   Editor="Hopkins, H.G. and Sewell, M.J.",
   Publisher="Pergamon Press",
   Pages="417-452",
   Year=1982}

@Article{Mindlin1972,
   Author="Mindlin, R.D.",
   Title="Elasticity, piezoelectricity, and crystal lattice dynamics",
   Journal="Journal of Elasticity",
   Volume=2,
   Pages="217-282",
   Year=1972}

@Article{Nagtegaal1974,
   Author="Nagtegaal, J.C. and Parks, D.M. and Rice, J.R.",
   Title="On numerically accurate finite element solutions in the fully plastic regime",
   Journal="Computer Methods in Applied Mechanics and Engineering",
   Volume=4,
   Pages="153-177",
   Year=1974}

@Article{Nadler2006,
   Author="Nadler, B. and Papadopoulos, P. and Steigmann, D.J.",
   Title="Multiscale constitutive modeling and numerical simulation of fabric model",
   Journal="International Journal of Solids and Structures",
   Volume=43,
   Pages="206-221",
   Year=2006}
   
 @Article{Mota2012,
   Author="Mota, A. and Sun, W. and Ostien, J.T. and Foulk III, J.W. and Long, K.N.",
   Title="A variational projection operator for mapping of internal variables ",
   Journal="submitted to Computational Mechanics",
   Year=2012}  
 
  @Article{Moes1999,
   Author="Moes, N. and Dolbow, J. and Belytschko, T.",
   Title="A finite element method for crack growth without remeshing ",
   Journal="International Journal of Numerical Methods in Engineering",
   Volume=46,
   Pages="131-150",
   Year=1999}  
 
   @Article{Mullner1994,
   Author="Mullner, C. and Solenthaler, C. and Uggowitzer, P.J. and Speidel, M.O.",
   Title="Brittle fracture in austenitic steel",
   Journal="Acta Metallurgica et Materialia",
   Volume=42,
   Pages="2211-2217",
   Year=1994}  
   
   
   @Article{Murr1997,
   Author="Murr, L.E. and Meyers, M.A. and Niou, C.-S. and Chen, Y.J. and Pappu, S. and Kennedy, C.",
   Title="Shock-induced deformation twinning in tantalum",
   Journal="Acta Materialia",
   Volume=45,
   Pages="157-175",
   Year=1997}

@Article{Needleman1987,
   Author="Needleman, A.",
   Title="A continuum model for void nucleation by inclusion debonding",
   Journal="Journal of Applied Mechanics",
   Volume=54,
   Pages="525-531",
   Year=1987}

@Article{Needleman1990a,
   Author="Needleman, A.",
   Title="An analysis of decohesion along an imperfect interface",
   Journal="International Journal of Fracture",
   Volume=42,
   Pages="21-40",
   Year=1990}

@Article{Needleman1990b,
   Author="Needleman, A.",
   Title="An analysis of tensile decohesion along an interface",
   Journal="Journal of the Mechanics and Physics of Solids",
   Volume=38,
   Pages="289-324",
   Year=1990}

@Article{Needleman1994,
   Author="Xu, X.-P. and Needleman, A.",
   Title="Numerical simulations of fast crack growth in brittle solids",
   Journal="Journal of the Mechanics and Physics of Solids",
   Volume=42,
   Pages="1397-1434",
   Year=1994}

@Article{Needleman1996,
   Author="Xu, X.-P. and Needleman, A.",
   Title="Numerical simulations of crack growth along an interface",
   Journal="International Journal of Fracture",
   Volume=74,
   Pages="289-324",
   Year=1996}

@Article{Needleman1997,
   Author="Needleman, A.",
   Title="Numerical modeling of crack growth under dynamic loading conditions",
   Journal="Computational Mechanics",
   Volume=19,
   Pages="463-469",
   Year=1997}

@Book{Nye1985,
   Author="Nye, J.F.",
   Title="Physical properties of crystals, their representation by tensors and matrices",
   Publisher="Clarendon Press",
   Address="Oxford",
   Year=1985}

@Article{Newman2004a,
   Author="Potirniche, G.P. and Daniewicz, S.R. and Newman, J.C.",
   Title="Simulating small crack growth behavior using crystal plasticity theory and finite element analysis",
   Journal="Fatigue \& Fracture of Engineering Material \& Structures",
   Volume=27,
   Pages="59-71",
   Year=2004}

@Article{Newman2004b,
   Author="Solanki, K. and Daniewicz, S.R. and Newman, J.C.",
   Title="Finite element analysis of plasticity-induced fatigue crack closure: an overview",
   Journal="Engineering Fracture Mechanics",
   Volume=71,
   Pages="149-171",
   Year=2004}

@Article{Nguyen2001,
   Author="Nguyen, O. and Repetto, M. and Ortiz, M. and Radovitzky, R.A.",
   Title="A cohesive model of fatigue crack growth",
   Journal="International Journal of Fracture",
   Volume=110,
   Pages="351-369",
   Year=2001}

@Article{Oden1997,
   Author="Oden, J.T. and Ainsworth, M.",
   Title="A posteriori error estimation in finite element analysis",
   Journal="Computer Methods in Applied Mechanics and Engineering",
   Volume=142,
   Pages="1-88",
   Year=1997}

@Book{Ogden1983,
   Author="Ogden, R.W.",
   Title="Non-linear Elastic Deformations",
   Publisher="John Wiley and Sons, Inc.",
   Address="New York",
   Year=1984}

@Article{Oliver1989,
   Author="Oliver, J.",
   Title="A consistent characteristic length for smeared crack
          models",
   Journal="International Journal for Numerical Methods in Engineering",
   Volume=28,
   Pages="461-474",
   Year=1989}

@Article{Oliver1996,
   Author="Oliver, J.",
   Title="Modeling strong discontinuities in solid mechanics via strain-softening
          constitutive equations. 1. fundamentals",
   Journal="International Journal for Numerical Methods in Engineering",
   Volume=39,
   Pages="3575-3600",
   Year=1996}

@Article{Oriani1970,
   Author="Oriani, R.A.",
   Title="The diffusion and trapping of hydrogen in steel",
   Journal="Acta Metallurgica",
   Volume=18,
   Pages="147-157",
   Year=1970}

@Article{Orowan1948,
   Author="Orowan, E.",
   Title="Fracture and Strength of Solids",
   Journal="Reports on Progress in Physics",
   Volume="XII",
   Pages="185-232",
   Year=1948}

@Article{Ortiz1987,
   Author="Ortiz, M. and Leroy, Y. and Needleman, A.",
   Title="A finite element method for localized failure analysis",
   Journal="Computer Methods in Applied Mechanics and Engineering",
   Volume=61,
   Pages="189-214",
   Year=1987}

@Article{Ortiz1996a,
   Author="Camacho, G.T. and Ortiz, M.",
   Title="Computational modeling of impact damage in brittle materials",
   Journal="International Journal of Solids and Structures",
   Volume=33,
   Pages="2899-2938",
   Year=1996}

@Article{Ortiz1996b,
   Author="Ortiz, M.",
   Title="Computational micromechanics",
   Journal="Computational Mechanics",
   Volume=18,
   Pages="321-338",
   Year=1996}

@Article{Ortiz1996c,
   Author="Tadmor, E.B. and Ortiz, M. and Phillips, R.",
   Title="Quasicontinuum analysis of defects in solids",
   Journal="Philosophical Magazine A",
   Volume=73,
   Pages="1530-1563",
   Year=1996}

@Article{Ortiz1997,
   Author="Camacho, G.T. and Ortiz, M.",
   Title="Adaptive \uppercase{L}agrangian modelling of
          ballistic penetraction of metallic targets",
   Journal="Computer Methods in Applied Mechanics and Engineering",
   Volume=142,
   Pages="269-301",
   Year=1997}

@Article{Ortiz1998a,
   Author="Shenoy, V.B. and Miller, R. and Tadmor, E.B. and Phillips, R. and Ortiz, M.",
   Title="Quasicontinuum models of interfacial structure and deformation",
   Journal="Physical Review Letters",
   Volume=80,
   Pages="742-745",
   Year=1998}

@Article{Ortiz1998b,
   Author="Miller, R. and Tadmor, E.B. and Phillips, R. and Ortiz, M.",
   Title="Quasicontinuum simulation of fracture at the atomic scale",
   Journal="Modelling and Simulation in Materials Science and Engineering",
   Volume=6,
   Pages="607-638",
   Year=1998}

@Article{Ortiz1998c,
   Author="Miller, R. and Ortiz, M. and Phillips, R. and Tadmor, E.B.",
   Title="Quasicontinuum models of fracture and plasticity",
   Journal="Engineering Fracture Mechanics",
   Volume=61,
   Pages="427-444",
   Year=1998}

@Article{Ortiz1999a,
   Author="Ortiz, M. and Pandolfi, A.",
   Title="Finite-deformation irreversible cohesive elements for
          three-dimensional crack-propagation analysis",
   Journal="International Journal for Numerical Methods in Engineering",
   Volume=44,
   Pages="1267-1282",
   Year=1999}

@Article{Ortiz1999b,
   Author="deAndres, A. and Perez, J.L. and Ortiz, M.",
   Title="Elastoplastic finite element analysis of three-dimensional
          fatigue crack growth in aluminum shafts subjected to axial
          loading",
   Journal="International Journal of Solids and Structures",
   Volume=36,
   Pages="2231-2258",
   Year=1999}

@Article{Ortiz1999c,
   Author="Shenoy, V.B. and Miller, R. and Tadmor, E.B. and Rodney, D. and
           Phillips, R. and Ortiz, M.",
   Title="An adaptive finite element approach to atomic-scale
          mechanics---the quasicontinuum method",
   Journal="Journal of the Mechanics and Physics of Solids",
   Volume=47,
   Pages="611-642",
   Year=1999}

@Article{Ortiz1999d,
   Author="Ortiz, M. and Phillips, R.",
   Title="Nanomechanics of defects in solids",
   Journal="Advances in Applied Mechanics",
   Volume=36,
   Pages="1-79",
   Year=1999}

@Article{Ortiz1999f,
   Author="Radovitzky, R. and Ortiz, M.",
   Title="Error estimation and adaptive meshing in strongly nonlinear
          dynamic problems",
   Journal="Computer Methods in Applied Mechanics and Engineering",
   Comment="to appear",
      Year=1999}

@Article{Ortiz1999g,
   Author="Pandolfi, A. and Krysl, P. and Ortiz, M.",
   Title="Finite element simulation of ring expansion and fragmentation:
          The capturing of length and time scales
      through cohesive models of fracture",
   Journal="International Journal of Fracture",
    Volume=95,
     Pages="279-297",
      Year=1999}

@Article{Ortiz2000a,
   Author="Ruiz, G. and Ortiz, M. and Pandolfi, A.",
   Title="Three-dimensional finite-element simulation of the
          dynamic \uppercase{B}razilian tests on concrete cylinders",
   Journal="International Journal for Numerical Methods in Engineering",
    Volume=48,
     Pages="963-994",
      Year=2000}

@Article{Parmigiani2006,
   Author="Parmigiani, J.P. and Thouless, M.D.",
   Title="The roles of toughness and cohesive strength on crack deflection at interfaces",
   Journal="Journal of the Mechanics and Physics of Solids",
    Volume=54,
     Pages="266-287",
      Year=2006}

@Article{Peerlings2001,
   Author="Peerlings, R.H.J. and Geers, M.G.D. and de Borst, R. and Brekelmans, W.A.M.",
   Title="A critical comparison of nonlocal and gradient-enhanced softening continue",
   Journal="International Journal of Solids and Structures",
    Volume=38,
     Pages="7723-7746",
      Year=2001}

@Article{Prandtl1933,
    Author="Prandtl, L.",
     Title="Ein \uppercase{G}edankenmodell f{\"u}r
            den \uppercase{Z}errei{\ss}vorgang spr{\"o}der
        \uppercase{K}{\"o}rper",
   Journal="Zeitschrift f{\"u}r angewandte
            Mathematik und Mechanik",
    Volume=13,
     Pages="129-133",
      Year=1933}

@TechReport{Presto2009,
   Author ="Jung, J.",
   Title  ="Presto 4.11 User's Guide",
   Number = "SAND2009-3213",
   Institution = "Sandia National Laboratories",
   Year = "2009"}

@Article{Rahul-Kumar2000,
    Author="Rahul-Kumar, P. and Jagota, A. and Benison, S.J.
            and Saigal, S.",
     Title="Cohesive Modeling of Viscoelastic Fracture:
            Application to Peel Testing of Polymers",
   Journal="International Journal of Solids and Structures",
    Volume=37,
     Pages="1873-1897",
      Year=2000}
 
 @Article{Reese2005,
   Author="Reese, S.",
   Title="On a physically stabilized one point finite element formulation for three-dimensional finite elasto-plasticity",
   Journal="Computer Methods in Applied Mechanics and Engineering",
   Volume=194,
   Pages="4685-4715",
   Year=2005}     
      
@Book{Reddy2006,
   Author="Reddy, J.N.",
   Title="An Introduction to the Finite Element Method",
   Publisher="McGraw-Hill",
   Address="San Francisco",
   Edition="3",
   Year=2006}

@Article{Rice1968,
   Author="Rice, J.R.",
   Title="A path independent integral and the approximate analysis of
          stress concentration by notches and cracks",
   Journal="Journal of Applied Mechanics",
   Volume=35,
   Pages="379-386",
   Year=1968}
   
@Article{Ritchie2000,
   Author="Ritchie, R.O. and Gilbert, C.J. and McNaney, J.M.",
   Title="Mechanics and mechanisms of fatigue damage and crack growth in advanced materials",
   Journal="International Journal of Solids and Structures",
   Volume="73",
   Pages="311-329",
   Year=2000}

@Article{Rosakis1999,
   Author="Rosakis, A.J. and Samudrala, O. and Coker, D.",
   Title="Cracks faster than the shear wave speed",
   Journal="Science",
   Volume="284",
   Pages="1337-1340",
   Year=1999}

@Article{Rose1981,
   Author="Rose, J.H. and Ferrante, J. and Smith, J.R.",
   Title="Universal binding energy curves for metals and bimetallic interfaces",
   Journal="Physical Review Letters",
   Volume="47",
   Pages="675-678",
   Year=1981}

@Incollection{Rydholm1978,
   Author="Rydholm, G. and Fredriksson, B. and Nilsson, F.",
   Title="Numerical investigation of rapid crack propagation",
   Booktitle="Numerical Methods in Fracture Mechanics",
   Editor="Luxmoore, A.R. and Owen, D.J.R.",
   Publisher="Pineridge Press",
   Pages="660-672",
   Year=1978}

@Article{Saje1982,
   Author="Saje, M. and Pan, J. and Needleman, A.",
   Title="Void nucleation effects on shear localization",
   Journal="International Journal of Fracture",
   Volume=10,
   Pages="163-182",
   Year=1982}

@Article{Sekhar2005,
   Author="Sekhar, S. and Kandula, V. and Abanto-Bueno, J. and Guebelle, P.H. and Lambros, J.",
   Title="Cohesive modeling of dynamic fracture in functionally graded materials",
   Journal="International Journal of Fracture",
   Volume=132,
   Pages="275-296",
   Year=2005}

@Article{Siegmund1997,
   Author="Siegmund, T. and Fleck, N.A. and Needleman, A.",
   Title="Dynamic crack growth across an interface",
   Journal="International Journal of Fracture",
   Volume="85",
   Pages="381-402",
   Year=1997}

@Article{Siegmund2003,
   Author="Roe, K.L. and Siegmund, T.",
   Title="An irreversible cohesive zone model for interface fatigue crack growth simulation",
   Journal="Engineering Fracture Mechanics",
   Volume=70,
   Pages="209-232",
   Year=2003}

@Article{Siegmund2005,
   Author="Wang, B. and Siegmund, T.",
   Title="A numerical analysis of contraint effects in fatigue crack growth by use of an irreversible cohesive zone growth",
   Journal="International Journal of Fracture",
   Volume=132,
   Pages="175-196",
   Year=2005}

@Article{Sih1974,
   Author="Sih, G.C.",
   Title="Strain energy density factor applied to mixed-mode crack
          problems",
   Journal="International Journal of Fracture Mechanics",
   Volume=10,
   Year=1974}

@TechReport{Silling1998,
   Author = "Silling, S.A.",
   Title  ="Reformulation of Elasticity Theory for discontinuities and long-range forces",
   Number = "SAND98-2176",
   Institution = "Sandia National Laboratory",
   Year = "1998"}

@Article{Simo1985,
   Author="Simo, J.C. and Taylor, R.L. and Pister, K.S.",
   Title="Variational and Projection Methods for the Volume
          Constraint in Finite Deformation Elastoplasticity",
   Journal="Computer Methods in Applied Mechanics and Engineering",
   Volume=51,
   Pages="177-208",
   Year=1985}
   
   @Article{Simo1989,
   Author="Simo, J.C. and Fox, D.D.",
   Title="On a stress resultant geometerically exact shell model. \uppercase{P}art \uppercase{I}: \uppercase{F}ormulation and optimal parameterization",
   Journal="Computer Methods in Applied Mechanics and Engineering",
   Volume=72,
   Pages="267-304",
   Year=1989}
   

@Article{Simo1991,
   Author="Simo, J.C. and Taylor, R.L.",
   Title="Quasi-incompressible Finite Elasticity In Principal Stretches.
          Continuum Basis and Numerical Algorithms",
   Journal="Computer Methods in Applied Mechanics and Engineering",
   Volume=85,
   Pages="273-310",
   Year=1991}

@Book{Simo1997,
   Author="Simo, J.C. and Hughes, T.J.R",
   Title="Computational Inelasticity",
   Publisher="Springer-Verlag",
   Address="New York",
   Year=1997}

@Article{Sloan1986,
   Author="Sloan, S.W.",
   Title="Algorithm for profile and wavefront reduction of sparse matrices",
   Journal="International Journal for Numerical Methods in Engineering",
   Volume=23,
   Pages="239-251",
   Year=1986}

@Article{Simo1992,
   Author="Simo, J.C.",
   Title="Algorithms for static and dynamic multiplicative plasticity that
          preserve the classical return mapping schemes of the infinitesimal
          theory",
   Journal="Computer Methods in Applied Mechanics and Engineering",
   Volume=99,
   Pages="61-112",
   Year=1992}

@Article{Shih1986,
   Author="Shih, C.F. and Moran, B. and Nakamura, T.",
   Title="Energy release rate along a three-dimensional crack front in a thermally stressed body",
   Journal="International Journal of Fracture",
   Volume=30,
   Pages="79-102",
   Year=1986}   
 
@Article{Shu1999,
   Author="Shu, J.Y. and King, W.E. and Fleck, N.A.",
   Title="Finite elements for materials with strain gradient effects",
   Journal="International Journal for Numerical Methods in Engineering",
   Volume=44,
   Pages="373-391",
   Year=1999}

@Article{Sofronis1989,
   Author="Sofronis, P. and McMeeking, R.M.",
   Title="Numerical analysis of hydrogen transport near a blunting crack tip",
   Journal="Journal of the Mechanics and Physics of Solids",
   Volume=37,
   Pages="317-350",
   Year=1989}


@Article{Srawley1965,
   Author="Srawley, J.E. and Brown Jr., W.F.",
   Title="Fracture toughness testing methods",
   Journal="ASTM STP",
   Volume=381,
   Pages="133-198",
   Year=1965}


@Article{Srawley1976,
   Author="Srawley, J.E.",
   Title="Wide range stress intensity factor expressions for $\text{ASTM}$ $\text{E}399$ standard fracture toughness specimens",
   Journal="International Journal of Fracture",
   Volume=12,
   Pages="475-476",
   Year=1976}

@Article{Stakgold1950,
   Author="Stakgold, I.",
   Title="The \uppercase{c}auchy relations in a molecular theory of elasticity",
   Journal="Quarterly of Applied Mechanics",
   Volume=8,
   Pages="169-186",
   Year=1950}

@Article{Stillinger1985,
   Author="Stillinger, F.H. and Weber, T.A.",
   Title="Computer simulation of local order in condensed phases of silicon",
   Journal="Physical Review B",
   Volume=31,
   Pages="5262-5271",
   Year=1985}

@Book{Strang1988,
   Author="Strang, G.",
   Title="Linear algebra and its applications",
   Publisher="Thomson Learning, Inc.",
   Address="London",
   Year=1988}

@Article{Suo1993,
   Author="Suo, Z. and Shih, C.F. and Varias, A.G.",
   Title="A theory for cleavage cracking in the presence of plastic flow",
   Journal="Acta metallurgica et materialia",
   Volume=41,
   Pages="1551-1557",
   Year=1993}
   
   @Article{Stroh1957,
   Author="Stroh, A.N.",
   Title="A theory of fracture in metals",
   Journal="Advances in Physics",
   Volume=24,
   Pages="418-465",
   Year=1957}

@Book{Suresh1998,
   Author="Suresh, S.",
   Title="Fatigue of Materials",
   Publisher="Cambridge University Press",
   Address="Cambridge",
   Edition = "2",
   Year=1998}

@Article{Tadmor1996,
   Author="Tadmor, E.B. and Ortiz, M. and Phillips, R.",
   Title="Quasicontinuum analysis of defects in solids",
   Journal="Philosophical Magazine A",
   Volume=73,
   Pages="1529-1563",
   Year=1996}

@Article{Tadmor1999,
   Author="Tadmor, E.B. and Smith, G.S. and Bernstein, N. and Kaxiras, E.",
   Title="Mixed finite element and atomistic formulation for
          complex crystals",
   Journal="Physical Review B",
   Volume=59,
   Pages="235-245",
   Year=1999}

@Article{Thomson1994,
   Author="Thomson, R. and Zhou, S.J.",
   Title="Interfacial crack in a 2-dimensional hexagonal lattice",
   Journal="Physical Review B",
   Volume=49,
   Pages="44-54",
   Year=1994}

@Article{Trianta1986,
   Author="Triantafyllidis, N. and Aifantis, E.C.",
   Title="A gradient approach to localization of deformation .1.
          hyperelastic materials",
   Journal="Journal of Elasticity",
   Volume=16,
   Pages="225-237",
   Year=1986}

@Article{Trianta1993,
   Author="Triantafyllidis, N. and Bardenhagen, S.",
   Title="On higher-order gradient continuum-theories in 1-D nonlinear elasticity:
          derivation from and comparison to the corresponding discrete models",
   Journal="Journal of Elasticity",
   Volume=33,
   Pages="259-293",
   Year=1993}

@Article{Trianta1994,
   Author="Bardenhagen, S. and Triantafyllidis, N.",
   Title="Derivation of higher-order gradient continuum-theories in 2,3-D nonlinear elasticity
          from periodic lattice models",
   Journal="Journal of Mechanics and Physics of Solids",
   Volume=42,
   Pages="111-139",
   Year=1994}

@Article{Trianta1996,
   Author="Triantafyllidis, N. and Bardenhagen, S.",
   Title="The influence of scale size on the stability of periodic solids and the
          role of associated higher-order gradient continuum models",
   Journal="Journal of Mechanics and Physics of Solids",
   Volume=44,
   Pages="1891-1928",
   Year=1996}

@Incollection{Truesdell1965,
   Author="Truesdell, C. and Noll, W.",
   Title="The nonlinear field theories of mechanics",
   Booktitle="Handbuch der \uppercase{p}hysik, Band iii/3",
   Editor="Fl{\"u}gge, S.",
   Publisher="Springer-Verlag",
   Address="Berlin",
   Year=1965}

@Incollection{Truskinovsky1996,
   Author="Truskinovsky, L.",
   Title="Fracture as a phase transformation",
   Booktitle="Contemporary Research in the Mechanics and Mathematics of Materials",
   Editor="Batra, R.C. and Beatty, M.F.",
   Publisher="CIMNE",
   Pages="322-332",
   Year=1996}


@Article{Tijssens2000a,
   Author="Tijssens, M.G.A and Van der Giessen, E. and Sluys, L.J.",
   Title="Simulation of mode \uppercase{I} crack growth in polymers by crazing",
   Journal="International Journal of Solids and Structures",
   Volume="37",
   Pages="7307-7327",
   Year=2000}

@Article{Tvergaard1988,
   Author="Tvergaard, V. and Hutchinson, J.W.",
   Title="Microcracking in ceramics induced by thermal expansion or elastic anisotropy",
   Journal="Journal of the American Ceramic Society",
   Volume="71",
   Pages="157-166",
   Year=1988}


@Article{Tvergaard1990,
   Author="Tvergaard, V. and Hutchinson, J.W.",
   Title="Effect of fiber debonding in a whisker-reinforced metal",
   Journal="Materials Science and Engineering",
   Volume="A125",
   Pages="203-213",
   Year=1990}

@Article{Tvergaard1992,
   Author="Tvergaard, V. and Hutchinson, J.W.",
   Title="The relation between crack growth resistance and fracture process
          parameters in elastic-plastic solids",
   Journal="Journal of the Mechanics and Physics of Solids",
   Volume=40,
   Pages="1377-1397",
   Year=1992}

@Article{Tvergaard1993,
   Author="Tvergaard, V. and Hutchinson, J.W.",
   Title="The influence of plasticity on mixed mode interface toughness",
   Journal="Journal of the Mechanics and Physics of Solids",
   Volume=41,
   Pages="1119-1135",
   Year=1993}

@Article{Tvergaard1994,
   Author="Tvergaard, V. and Hutchinson, J.W.",
   Title="Toughness of an interface along a thin ductile layer joining elastic solids",
   Journal="Philosophical Magazine A",
   Volume=70,
   Pages="641-656",
   Year=1994}

@Article{Underwood1985,
   Author="Underwood, J.H. and Kapp, J.A. and Baratta, F.I.",
   Title="More on compliance of the three-point bend specimen",
   Journal="International Journal of Fracture",
   Volume=28,
   Pages="R41-R45",
   Year=1985}

@Incollection{Underwood1983,
   Author="Underwood, P.",
   Title="Dynamic relaxation",
   Booktitle="Computational methods for transient analysis",
   Editor="Belytschko, T. and Hughes, T.J.R.",
   Publisher="Elsevier Science",
   Pages="245-265",
   Year=1983}

@Article{Venkatraman1992,
   Author="Venkatraman, R. and Bravman, J.C.",
   Title="Separation of film thickness and grain boundary strengthening
          effects in \uppercase{a}l thin films on \uppercase{s}i",
   Journal="Journal of the Materials Research Society",
   Volume=7,
   Pages="2040-2048",
   Year=1992}

@InProceedings{Voter1987,
   Author="Voter, A.F. and Chen, S.P.",
   Title="Accurate interatomic potentials for \uppercase{n}i,
          \uppercase{a}l, and $\uppercase{n}i_3\uppercase{a}l$",
   BookTitle="Proceedings of the 1987 MRS Fall Symposium",
   Series="Characterization of Defects in Materials",
   Organization="Materials Research Society",
   Volume="82",
   Pages="175-180",
   Year=1987}

@Incollection{Voter1994,
   Author="Voter, A.F.",
   Title="The Embedded Atom Method",
   Booktitle="Intermetallic Compounds: Principles and Practice",
   Editor="Westbrook, J.H. and Fleischer, R.L.",
   Publisher="John Wiley and Sons, Ltd.",
   Pages="77",
   Year=1994}

@Article{Voter1998,
   Author="Zhou, S.J. and Lomdahl, P.S. and Voter, A.F. and Holian, B.L.",
   Title="Three-dimensional fracture via large-scale molecular dynamics",
   Journal="Engineering Fracture Mechanics",
   Volume=61,
   Pages="173-187",
   Year=1998}

@Book{Wallace1972,
   Author="Wallace, D.C.",
   Title="Thermodynamics of Crystals",
   Publisher="John Wiley and Sons, Inc.",
   Address="New York",
   Year=1972}

@Article{Wei1997a,
   Author="Wei, Y. and Hutchinson, J.W.",
   Title="Nonlinear delamination mechanics for thin films",
   Journal="Journal of the Mechanics and Physics of Solids",
   Volume=45,
   Pages="1137-1159",
   Year=1997}

@Article{Wei1997b,
   Author="Wei, Y. and Hutchinson, J.W.",
   Title="Steady-state crack growth and work of fracture for solids
          characterized by strain gradient plasticity",
   Journal="Journal of the Mechanics and Physics of Solids",
   Volume=45,
   Pages="1137-1159",
   Year=1997}

@Article{Weiner1981,
   Author="Weiner, J.H.",
   Title="\uppercase{H}ellmann-\uppercase{f}eynman theorem, elastic moduli, and
          the \uppercase{c}auchy relation",
   Journal="Physics Review B",
   Volume=24,
   Pages="845-848",
   Year=1981}

@Book{Weiner1983,
   Author="Weiner, J.H.",
   Title="Statistical Mechanics of Elasticity",
   Publisher="John Wiley and Sons, Inc.",
   Address="New York",
   Year=1983}

@Article{Willis1967,
   Author="Willis, J.R.",
   Title="A comparison of the fracture criteria of
         \uppercase{g}riffith and \uppercase{b}arenblatt",
   Journal="Journal of the Mechanics and Physics of Solids",
   Volume=15,
   Pages="151-162",
   Year=1967}

@Article{Xia1996,
   Author="Xia, Z.C. and Hutchinson, J.W.",
   Title="Crack tip fields in strain gradient plasticity",
   Journal="Journal of the Mechanics and Physics of Solids",
   Volume=44,
   Pages="1621-1648",
   Year=1996}

@Article{Mota2005,
   Author="Yang, Q. and Mota, A. and Ortiz, M.",
   Title="A class of variational strain-localization finite elements",
   Journal="International Journal for Numerical Methods in Engineering",
   Volume=62,
   Pages="1013-1037",
   Year=2005}

@Article{Yoffe1951,
   Author="Yoffe, E.H.",
   Title="The moving \uppercase{g}riffith crack",
   Journal="Philosophical Magazine",
   Volume=42,
   Pages="739-750",
   Year=1951}

@Article{Zavattieri2001a,
   Author="Zavattieri, P.D. and Espinosa, H.D.",
   Title="Grain level analysis of crack initiation and propagation in brittle materials",
   Journal="Acta Materialia",
   Volume=49,
   Pages="4291-4311",
   Year=2001}

@Article{Zavattieri2001b,
   Author="Zavattieri, P.D. and Raghuram, P.V. and Espinosa, H.D.",
   Title="A computational model of ceramic microstructures subjected to multi-axial dynamic loading",
   Journal="Journal of the Mechanics and Physics of Solids",
   Volume=49,
   Pages="27-68",
   Year=2001}

@Article{Zavattieri2003,
   Author="Zavattieri, P.D. and Espinosa, H.D.",
   Title="An examination of the competition between bulk behavior and interfacial behavior of ceramics subjected
   to dynamic pressure-shear loading",
   Journal="Journal of the Mechanics and Physics of Solids",
   Volume=51,
   Pages="607-635",
   Year=2003}
   
@Book{Zienkiewicz2000,
   Author="Zienkiewicz, O.C. and Taylor, R.L.",
   Title="The Finite Element Method",
   Publisher="Butterworth Heinemann",
   Address="Boston",
   Edition = "5",
   Year=2000}

@Article{Zhou1994,
   Author="Zhou, S.J. and Beazley, D.M. and Lomdahl, P.S. and Holian, B.L.",
   Title="Large-scale molecular dynamics simulations of three-dimensional ductile failure",
   Journal="Physics Review Letters",
   Volume=78,
   Pages="479-482",
   Year=1994}

@Article{Zhou1994b,
   Author="Masudajindo, K. and Zhou, S.J. and Thomson, R. and Carlsson, A.E.",
   Title="Atomic theory of fracture of crystalline materials: cleavage and
          dislocation emission",
   Journal="Materials Science and Engineering A---structural materials
            properties microstructure and processing",
   Volume=176,
   Pages="255-261",
   Year=1994}

@Article{Zhou1996,
   Author="Zhou, S.J. and Lomdahl, P.S. and Thomson, R. and Holian, B.L.",
   Title="Dynamic crack processes via molecular-dynamics",
   Journal="Physical Review Letters",
   Volume=76,
   Pages="2318-2321",
   Year=1996}

@Article{Zhou2004,
   Author="Zhou, F. and Molinari, J.-F.",
   Title="Stochastic fracture of ceramics under dynamic tensile loading",
   Journal="International Journal of Solids and Structures",
   Volume=41,
   Pages="6573-6596",
   Year=2004}

@Article{Zhu1997,
   Author="Zhu, J.Z.",
   Title="A posteriori error estimation---the relationship between different procedures",
   Journal="Computational Methods in Applied Mechanics and Engineering",
   Volume=150,
   Pages="411-422",
   Year=1997}

@Article{Zhou2008,
   Author="Zhou, X.W. and Zimmerman, J.A. and Reedy Jr., E.D. and Moody, N.R.",
   Title="Molecular dyanmics simulation based cohesive surface representation of mixed-mode fracture",
   Journal="Mechanics of Materials",
   Volume=40,
   Pages="832-845",
   Year=2008}

@Book{Zohdi2005,
   Author="Zohdi, T.I. and Wriggers, P.",
   Title="Introduction to Computational Micromechanics (Lecture Notes in Applied and Computational Mechanics)",
   Publisher="Springer",
   Address="Berlin",
   Year=2005}
