@article{Dohrmann:2004,
  title={A stabilized finite element method for the Stokes problem based on polynomial pressure projections},
  author={Dohrmann, Clark R and Bochev, Pavel B},
  journal={International Journal for Numerical Methods in Fluids},
  volume={46},
  number={2},
  pages={183--201},
  year={2004},
  publisher={Wiley Online Library}
}

@article{Harari:2004,
title = {Stability of semidiscrete formulations for parabolic problems at small time steps},
journal = {Computer Methods in Applied Mechanics and Engineering},
volume = 193,
number = {15-16},
pages = {1491 - 1516},
year = 2004,
issn = {0045-7825},
doi = {10.1016/j.cma.2003.12.035},
author = {Harari, I}
}

@article{Onate:2000,
  title={Stabilization techniques for finite element analysis of convection-diffusion problems},
  author={O{\~n}ate, E and Manzan, M},
  journal={Developments in Heat Transfer},
  volume={7},
  pages={71--118},
  year={2000},
  publisher={WIT CMP}
}

@book{Johnson:2009,
  title={Numerical solution of partial differential equations by the finite element method},
  author={Johnson, Claes},
  year={2009},
  publisher={Dover Publications}
}

@article {Sun:2013,
author = {Sun, WaiChing and Ostien, Jakob T. and Salinger, Andrew G.},
title = {A stabilized assumed deformation gradient finite element formulation for strongly coupled poromechanical simulations at finite strain},
journal = {International Journal for Numerical and Analytical Methods in Geomechanics},
publisher = {John Wiley & Sons, Ltd},
issn = {1096-9853},
keywords = {poromechanics, stabilized procedure, multiphase medium, bubble functions},
year = {2013},
}

@article{Tezduyar:1986,
  title={Discontinuity-capturing finite element formulations for nonlinear convection-diffusion-reaction equations},
  author={Tezduyar, TE and Park, YJ},
  journal={Computer Methods in Applied Mechanics and Engineering},
  volume={59},
  number={3},
  pages={307--325},
  year={1986},
  publisher={Elsevier}
}

@article{Krysl:2008,
  title={Locking-free continuum displacement finite elements with nodal integration},
  author={Krysl, P and Zhu, B},
  journal={International journal for numerical methods in engineering},
  volume={76},
  number={7},
  pages={1020--1043},
  year={2008},
  publisher={Wiley Online Library}
}

@article{Mota:2013,
  title={Lie-Group Interpolation and Variational Recovery for Internal Variables},
  author={Mota, A. and Sun, W. and Ostien, J.T. and Foulk, J.W. and Long, K.N. },
  journal={Computational Mechanics},
  pages={in press},
  year={2013}
}

@article{Mota:2013,
  title={Lie-Group Interpolation and Variational Recovery for Internal Variables},
  author={Mota, A. and Sun, W. and Ostien, J.T. and Foulk, J.W. and Long, K.N. },
  journal={Computational Mechanics},
  pages={in press},
  year={2013}
}

@inproceedings{Jothi:2013,
  title={ Computational analysis of hydrogen diffusion in polycrystalline nickel and anisotropic polygonal micro, nano grain size effects},
  author={Jothi, S. and Croft T.N. and Brown, S.G.R. and De Souza Neto, E.},
  booktitle={Proceedings of international conference on hydrogen safety},
  year={2013}
}

@article{Pawlowski:2012a,
  title={Automating embedded analysis capabilities and managing software complexity in multiphysics simulation, Part I: Template-based generic programming},
  author={Pawlowski, Roger P and Phipps, Eric T and Salinger, Andrew G},
  journal={Scientific Programming},
  volume={20},
  number={2},
  pages={197--219},
  year={2012},
  publisher={IOS Press}
}

@article{pawlowski2012b,
  title={Automating embedded analysis capabilities and managing software complexity in multiphysics simulation, Part II: Application to partial differential equations},
  author={Pawlowski, Roger P and Phipps, Eric T and Salinger, Andrew G and Owen, Steven J and Siefert, Christopher M and Staten, Matthew L},
  journal={Scientific Programming},
  volume={20},
  number={3},
  pages={327--345},
  year={2012},
  publisher={IOS Press}
}

@article{Albany,
  title={Albany: A Component-Based Partial Differential Equation Code Built on Trilinos},
  author={Salinger, Andrew G and Pawlowski, Roger P  and 
  Phipps, Eric T and Bartlett, Roscoe A and Hansen, Glen A and
  Kalashnikova,  Irina and Ostien, Jakob T and Sun, Waiching and
  Chen,  Quishi  and Mota,  Alejandro and Muller, Richard P and 
  Nielsen, Erick and Gao, Xujiao},
  journal={ACM. Transactions on Mathematical Software},
  year={2013}

}

