@article{Rice:j,
    author={J. R. Rice},
    title={A path independent integral and the approximate analysis of strain concentration by notches and cracks},
    journal={Transactions of the \uppercase{ASME}, Journal of Applied Mechanics},
    volume={35},
    year={1968},
    pages={379-386}
}

@article{Li:jdomain,
    author={F. Z. Li and C. F. Shih and A. Needleman},
    title={A comparison of methods for calculating energy release rates},
    journal={Engineering Fracture Mechanics},
    volume={21},
    number={2},
    year={1985},
    pages={405-421}
}

@article{Banks:accurateDrivingForce,
    author={L. Banks-Sills and D. Sherman},
    title={Comparison of methods for calculating stress intensity factors with quarter-point elements},
    journal={International Journal of Fracture},
    pages={127-140},
    volume={32},
    number={2},
    year={1986}
}

@article{Weibull:1,
    author={W. Weibull},
    title={A statistical distribution function of wide applicability},
    journal={Journal of Applied Mechanics},
    pages={293-297},
    volume={},
    number={},
    year={1951}
}

@article{Batdorf,
    author={S. B. Batdorf and J. G. Crose},
    title={A statistical theory for the fracture of brittle structures
subjected to polyaxial stress states. },
    journal={Journal of Applied Mechanics},
    pages={601-611},
    volume={33},
    number={3},
    year={1966}
}

@article{Farhat:1,
    author={C. Farhat and M. Lesoinne and K. Pierson},
    title={A scalable dual-primal domain decomposition method.},
    journal={Numerical Linear Albebra with Applications},
    pages={687-714},
    volume={7},
    year={2000}
}

@article{Farhat:2,
    author={C. Farhat and M. Lesoinne and P. LeTallec and K. Pierson and D. Rixen},
    title={FETI-DP: A dual-primal unified FETI-method -- Part I: A faster alternative to the two-level FETI method.},
    journal={International Journal for Numerical Methods in Engineering},
    pages={1523-1544},
    volume={50},
    year={2001}
}

@article{Laurencin:WeibullSingularities,
    author={J. Laurencin and G. Delette and M. Dupeux},
    title={An estimation of ceramic failure at singularities by a 
statistical approach},
    journal={Journal of the European Ceramic Society},
    pages={1-13},
    volume={28},
    year={2008}
}

@inproceedings{PIA,
        author={A. M. Freudenthal},
        title     = "Statistical Approach for Brittle Fracture",
        editor = "H. Liebowitz",
	booktitle = "Fracture",
	volume =	2,
        chapter = 6,
	type    = "{Chap.}",
	publisher =	"Academic Press",
	address   =	"New York, {NY}",
	year	 =	1968,
        pages    = {591-619}
}

@techreport{Sookdeo:nasaCaresGraphite,
    author={S. Sookdeo and N. N. Nemeth and R. L. Bratton},
    title={Reliability Assessment of Graphite Specimens Under Multiaxial Stress},
     institution = "National Aeronautical and Space Administration",
     year = "2008",
     type = "Technical Memorandum",
     number = "{NASA/TM--2008-215204}",
     address = "Glenn Research Center, Cleveland, {OH}",
     month =
"August",
     note = "See also URL {\small\url{+gltrs.grc.nasa.gov/reports/2008/TM-2008-215204.pdf+}}"
}


@techreport{Wellman:FAILPROB,
     author = "G. W. Wellman",
     title = "{FAILPROB -- A Computer Program to Compute the Probability of Failure of a Brittle Component}",
     institution = "Sandia National Laboratories",
     year = "2002",
     type = "Technical Report",
     number = "{SAND2002-0409}",
     address = "Sandia National Laboratories, Albuquerque, {NM}"
}

@techreport{Adagio,
     author = "SIERRA Solid Mechanics Team",
     title = "{Adagio 4.16 User's Guide}",
     institution = "Sandia National Laboratories",
     year = "2010",
     type = "Technical Report",
     number = "{SAND2010-3111}",
     address = "Sandia National Laboratories, Albuquerque, {NM}"
}

@techreport{Yahr:ORNLGraphite,
     author = "G. T. Yahr and T. D. Burchell",
     title = "{Multiaxial Test of H-451 Graphite}",
     institution = "Oak Ridge National Laboratory",
     year = "1993",
     type = "Technical Report",
     number = "{ORNL/NPR-93/13}",
     volume = 1,
     address = "Oak Ridge, {TN}",
     note = "Available from Carbon Materials Technology Group"
}

@techreport{Nemeth:CARES,
     author = "N. N. Nemeth and L. M. Powers and L. A. Janosik and 
and J. P. Gyekenyesi",
     title = "{CARES/Life Ceramics Analysis and Reliability 
Evaluation of Structures Life Prediction Program}",
     institution = "National Aeronautics and Space Administration",
     year = "2003",
     type = "Technical Memorandum",
     number = "{NASA/TM-2003-106316}",
     address = "Glenn Research Center, Cleveland, {OH}"
}

@unpublished{Nielsen:memo,
     author = "M. Nielsen",
     title = "{Analysis of Glass-to-Metal Seals -- Effects of Mesh Refinement on Predictions}",
     note = "Internal Memo",
     month = "July",
     year = 2007
}

@inproceedings{Burchett:GTMS,
	author    =	"E. K. Beauchamp and S. N. Burchett",
        title     = "Techiques of Seal Design",
        editor = "S J. Schnider",
	booktitle = "Ceramics and Glasses",
	volume =	4,
	series	=	"Engineered Materials Handbook",
	edition = "$1^{st}$",
	type    = "{Chap.}",
        organization = "ASM International", 
	publisher =	"ASM International",
	address   =	"Materials Park, {OH}",
	year	 =	1991
}

